%%%% GENERAL ON oT %%%%%

@article{Monge1781,
	    author = {Monge, G.},
	    journal = {Histoire de l'Acad{\'e}mie Royale des Sciences},
	    pages = {666--704},
	    title = {M{\'e}moire sur la th{\'e}orie des d{\'e}blais et des remblais},
	    year = {1781}
}



@article{Kantorovich42,
	Address = {Hingham, MA, USA},
	Author = {L. Kantorovich},
	Journal = {Doklady Akademii Nauk},
	Number = {2},
	Optannote = {Translated in Management Science, Vol. 5, pp. 1--4, 1959},
	Pages = {227-229},
	Title = {On the transfer of masses (in Russian)},
	Volume = {37},
	Year = {1942}}


@article{benamou2000computational,
	Author = {Benamou, J-D. and Brenier, Y.},
	Date-Added = {2015-02-08 20:05:54 +0000},
	Date-Modified = {2015-06-21 09:48:07 +0000},
	Journal = {Numerische Mathematik},
	Keywords = {optimal transport},
	Number = {3},
	Pages = {375--393},
	Publisher = {Springer},
	Title = {A computational fluid mechanics solution to the {M}onge-{K}antorovich mass transfer problem},
	Volume = {84},
	Year = {2000},}



@article{Brenier91,
    AUTHOR = {Brenier, Y.},
     TITLE = {Polar factorization and monotone rearrangement of
              vector-valued functions},
   JOURNAL = {Comm. Pure Appl. Math.},
  FJOURNAL = {Communications on Pure and Applied Mathematics},
    VOLUME = {44},
      YEAR = {1991},
    NUMBER = {4},
     PAGES = {375--417},
}


@Book{SantambrogioBook,
  author = {F. Santambrogio},
  title = {Optimal Transport for Applied Mathematicians},
  Publisher = {Birkhauser},
  year = {2015},
}


@book{cedric2003topics,
	Author = {C. Villani},
	Date-Added = {2015-02-03 17:30:12 +0000},
	Date-Modified = {2015-02-04 12:50:56 +0000},
	Keywords = {optimal transport},
	Publisher = {American Mathematical Soc.},
	Rating = {5},
	Title = {Topics in optimal transportation},
	Year = {2003}}	

@Book{Villani-OptimalTransport-09,
  Title                    = {Optimal Transport: Old and New},
  Author                   = {Villani, C.},
  Publisher                = {Springer},
  Year                     = {2009},
  Series                   = {Grundlehren der mathematischen Wissenschaften},
  Volume                   = {338}
}


@BOOK{Burkard09,
  title = {Assignment Problems},
  publisher = {Society for Industrial and Applied Mathematics},
  year = {2009},
  author = {Burkard, R. and Dell'Amico, M. and Martello, S.},
  address = {Philadelphia, PA, USA},
  isbn = {0898716632, 9780898716634}
}

@article{caffarelli2010free,
  title={Free boundaries in optimal transport and Monge-Ampere obstacle problems},
  author={L. A. Caffarelli and R. J. McCann},
  journal={Annals of mathematics},
  pages={673--730},
  year={2010},
  publisher={JSTOR}
}

%%% UNBALANCED %%%

@techreport{2015-chizat-unbalanced,
  url = { http://arxiv.org/abs/1508.05216 },
  year = { 2015 },
  type = { Preprint },
  number = { 1508.05216 },
  institution = { Arxiv },
  author = { L. Chizat and G. Peyr{\'e} and B. Schmitzer and F-X. Vialard },
  title = { Unbalanced Optimal Transport: Geometry and Kantorovich Formulation },
}

@techreport{2015-chizat-interpolating,
  url = { http://arxiv.org/abs/1506.06430 },
  year = { 2015 },
  type = { Preprint },
  number = { 1506.06430 },
  institution = { Arxiv },
  author = { L. Chizat and B. Schmitzer and G. Peyr{\'e} and F-X. Vialard },
  title = { An Interpolating Distance between Optimal Transport and {Fischer-Rao} },
}

@techreport{FrognerNIPS,
	Author = {C. Frogner and C. Zhang and H. Mobahi and M. Araya-Polo and T. Poggio},
	Institution = {Arxiv},
	Number = {1506.05439},
	Title = {Learning with a {Wasserstein} Loss},
	Type = {Preprint},
	Year = {2015}}


@article{LieroMielkeSavareShort,
	Author = {{Liero}, M. and {Mielke}, A. and {Savar{\'e}}, G.},
	Eprint = {1509.00068},
	Journal = {ArXiv e-prints},
	Primaryclass = {math.MG},
	Title = {Optimal transport in competition with reaction: the {Hellinger-Kantorovich} distance and geodesic curves},
	Year = 2015}

@article{LieroMielkeSavareLong,
	Author = {{Liero}, M. and {Mielke}, A. and {Savar{\'e}}, G.},
	Eprint = {1508.07941},
	Journal = {ArXiv e-prints},
	Primaryclass = {math.OC},
	Title = {Optimal Entropy-Transport problems and a new {Hellinger-Kantorovich} distance between positive measures},
	Year = 2015}


@techreport{kondratyev2015,
	Author = {S. Kondratyev and L. Monsaingeon and D. Vorotnikov},
	Date-Added = {2015-06-20 20:53:00 +0000},
	Date-Modified = {2015-06-21 09:53:39 +0000},
	Institution = {Pre-print},
	Title = {A new optimal transport distance on the space of finite {R}adon measures},
	Year = {2015}}	

@article{figalli2010optimal,
	Author = {Figalli, A.},
	Date-Added = {2015-04-28 14:56:13 +0000},
	Date-Modified = {2015-06-21 09:52:25 +0000},
	Journal = {Archive for rational mechanics and analysis},
	Number = {2},
	Pages = {533--560},
	Publisher = {Springer},
	Title = {The optimal partial transport problem},
	Volume = {195},
	Year = {2010},}
	

@article{hanin1992kantorovich,
	Author = {Hanin, L. G.},
	Date-Added = {2015-04-28 12:37:08 +0000},
	Date-Modified = {2015-06-21 09:52:50 +0000},
	Journal = {Proceedings of the American Mathematical Society},
	Number = {2},
	Pages = {345--352},
	Title = {{K}antorovich-{R}ubinstein norm and its application in the theory of {L}ipschitz spaces},
	Volume = {115},
	Year = {1992},
	Bdsk-Url-1 = {http://sci-hub.org/doi/10.1090/S0002-9939-1992-1097344-5}}
	

@article{benamou2003numerical,
	Author = {Benamou, J-D.},
	Date-Added = {2015-04-20 08:55:45 +0000},
	Date-Modified = {2015-06-21 09:49:22 +0000},
	Journal = {ESAIM: Mathematical Modelling and Numerical Analysis},
	Keywords = {optimal transport},
	Number = {05},
	Pages = {851--868},
	Publisher = {Cambridge Univ Press},
	Title = {Numerical resolution of an ``unbalanced'' mass transport problem},
	Volume = {37},
	Year = {2003},
	Bdsk-Url-1 = {https://hal.inria.fr/inria-00071800/document}}
	
	
@article{piccoli2014generalized,
	Author = {Piccoli, B. and Rossi, F.},
	Date-Added = {2014-12-01 13:17:10 +0000},
	Date-Modified = {2015-06-21 09:54:49 +0000},
	Journal = {Archive for Rational Mechanics and Analysis},
	Keywords = {optimal transport},
	Number = {1},
	Pages = {335--358},
	Publisher = {Springer},
	Rating = {0},
	Read = {1},
	Title = {Generalized {W}asserstein distance and its application to transport equations with source},
	Volume = {211},
	Year = {2014},
	Bdsk-Url-1 = {http://arxiv.org/pdf/1206.3219.pdf}}
	


@article{PerthameTumor,
year={2014},
issn={0003-9527},
journal={Archive for Rational Mechanics and Analysis},
volume={212},
number={1},
doi={10.1007/s00205-013-0704-y},
title={The {Hele-Shaw} Asymptotics for Mechanical Models of Tumor Growth},
url={http://dx.doi.org/10.1007/s00205-013-0704-y},
publisher={Springer Berlin Heidelberg},
author={Perthame, B. and Quiros, F. and Vazquez, J. L.},
pages={93-127},
language={English}
}

@article{GallouetMonsaingeon2015,
	Author = {T. O. Gallouet and L. Monsaingeon},
  journal={Preprint arXiv},
	Read = {1},
	Title = {A {JKO} Splitting Scheme for {Kantorovitch-Fisher-Rao} Gradient Flows},
	Year = {2015},}
	




%% US %%%

@Article{2015-benamou-cisc,
    title = "Iterative {Bregman} Projections for Regularized Transportation Problems",
    author = "J-D. Benamou and G. Carlier and M. Cuturi and L. Nenna and {G. Peyr{\'e}}",
	journal = "SIAM Journal on Scientific Computing",
 	 volume = "37",
	 number = 2,
     pages = "A1111-A1138", 
     year = "2015",
     doi = "10.1137/141000439", 
     url = {http://hal.archives-ouvertes.fr/hal-01096124},
}

@Article{2015-solomon-siggraph,
    title = "Convolutional {Wasserstein} Distances: Efficient Optimal Transportation on Geometric Domains",
    author = "J. Solomon and F. de Goes and {G. Peyr{\'e}} and M. Cuturi and A. Butscher and A. Nguyen and T. Du and L. Guibas",
	journal = "ACM Transactions on Graphics (Proc. SIGGRAPH 2015)",
	volume = 34, 
	number = 4, 
	pages = "66:1--66:11", 
     year = "2015",
     url = {http://hal.archives-ouvertes.fr/hal-01188953},
}


@Article{2015-Peyre-siims,
  author = {G. Peyr{\'e}},
  title = {Entropic Approximation of {Wasserstein} Gradient Flows},
  year = {2015},
  journal = {SIAM Journal on Imaging Sciences},
  volume = 8, 
  number = 4, 
  pages = "2323--2351", 
  doi = "10.1137/15M1010087", 
  url = {http://arxiv.org/abs/1502.06216}
}

@Article{2014-papadakis-siims,
    title = "Optimal Transport with Proximal Splitting",
   	author = "N. Papadakis and {G. Peyr{\'e}} and E. Oudet",
	journal = "SIAM Journal on Imaging Sciences",
	volume = 7,
	number = 1,
	pages =  "212--238",
	doi = "10.1137/130920058",
     year = "2014",
     url = {http://hal.archives-ouvertes.fr/hal-00816211/},
	comment = {<a href='https://github.com/gpeyre/2013-SIIMS-ot-splitting'>code</a>},
}


@TechReport{2015-carlier-convergence,
    title = "Convergence of Entropic Schemes for Optimal Transport and Gradient Flows",
     author = "G. Carlier and V. Duval and {G. Peyr{\'e}} and B. Schmitzer",
     institution = "HAL",
     number = "01235146",
     type = "Preprint",
     year = "2015",
     url = {http://hal.archives-ouvertes.fr/hal-01235146},
}

%%%% SHAPES SPACES %%%%%%

@article{haker2004optimal,
	Author = {Haker, S. and Zhu, L. and Tannenbaum, A. and Angenent, S.},
	Date-Added = {2015-06-19 22:09:52 +0000},
	Date-Modified = {2015-06-21 09:53:09 +0000},
	Journal = {International Journal of computer vision},
	Number = {3},
	Pages = {225--240},
	Publisher = {Springer},
	Title = {Optimal mass transport for registration and warping},
	Volume = {60},
	Year = {2004}}
	
	
@article{Metamorphosis2005,
	Author = {Trouv\'e, A. and Younes, L.},
	Doi = {10.1007/s10208-004-0128-z},
	Issn = {1615-3375},
	Journal = {Foundations of Computational Mathematics},
	Keywords = {Groups of diffeomorphisms; Infinite-dimensional shape spaces; Geodesics; Shape recognition; Image registration},
	Language = {English},
	Number = {2},
	Pages = {173-198},
	Publisher = {Springer-Verlag},
	Title = {Metamorphoses Through Lie Group Action},
	Volume = {5},
	Year = {2005},}

@article{trouve2005local,
	Author = {Trouv{\'e}, Alain and Younes, Laurent},
	Date-Added = {2015-04-28 15:00:52 +0000},
	Date-Modified = {2015-04-28 15:00:52 +0000},
	Journal = {SIAM journal on mathematical analysis},
	Number = {1},
	Pages = {17--59},
	Publisher = {SIAM},
	Title = {Local geometry of deformable templates},
	Volume = {37},
	Year = {2005}}


@unpublished{OTmaasrumpf,
	Author = {J. Maas and M. Rumpf and C. Sch{\"o}nlieb and S. Simon},
	Date-Added = {2015-02-05 21:25:36 +0000},
	Date-Modified = {2015-06-21 09:54:16 +0000},
	Keywords = {optimal transport},
	Note = {arXiv:1504.01988},
	Read = {1},
	Title = {A generalized model for optimal transport of images including dissipation and density modulation},
	Year = {2015},}
	
	
	
%%%% SEMI DISCRETE %%%%



@Article{AurenhammerHA98,
  title =	"Minkowski-Type Theorems and Least-Squares Clustering",
  author =	"F. Aurenhammer and F. Hoffmann and B. Aronov",
  journal =	"Algorithmica",
  year = 	"1998",
  number =	"1",
  volume =	"20",
  bibdate =	"2011-05-18",
  bibsource =	"DBLP,
		 http://dblp.uni-trier.de/db/journals/algorithmica/algorithmica20.html#AurenhammerHA98",
  pages =	"61--76",
  URL =  	"http://dx.doi.org/10.1007/PL00009187",
}



@Article{Merigot11,
  title =	"A Multiscale Approach to Optimal Transport",
  author =	"Q. M{\'e}rigot",
  journal =	"Comput. Graph. Forum",
  year = 	"2011",
  number =	"5",
  volume =	"30",
  bibdate =	"2011-08-22",
  bibsource =	"DBLP,
		 http://dblp.uni-trier.de/db/journals/cgf/cgf30.html#Merigot11",
  pages =	"1583--1592",
  URL =  	"http://dx.doi.org/10.1111/j.1467-8659.2011.02032.x",
}


@Article{AngenentHT03,
  title =	"Minimizing Flows for the Monge-Kantorovich Problem",
  author =	"S. Angenent and S. Haker and A.
		 Tannenbaum",
  journal =	"SIAM J. Math. Analysis",
  year = 	"2003",
  number =	"1",
  volume =	"35",
  bibdate =	"2015-07-18",
  bibsource =	"DBLP,
		 http://dblp.uni-trier.de/db/journals/siamma/siamma35.html#AngenentHT03",
  pages =	"61--97",
  URL =  	"http://dx.doi.org/10.1137/S0036141002410927",
}


@article{Levy3d,
AUTHOR = {Levy, B.},
TITLE = { A numerical algorithm for {$L^2$} semi-discrete optimal transport in 3D},
JOURNAL = {M2AN, to appear},
YEAR = {2015},
}



%%%% IMAGE PROCESSING %%%%


@ARTICLE{Lorentz,
  author = {J. Lellmann and D. Lorenz and C.-B. Schonlieb and T. Valkonen},
  title = {Imaging with {Kantorovich-Rubinstein} discrepancy},
  journal = {to appear in SIAM Journal on Imaging Sciences},
  year = {2015},
}


@inproceedings{RabinPapadakisSSVM,
	  title={Convex Color Image Segmentation with Optimal Transport Distances},
	  author={J. Rabin and N. Papadakis},
	  booktitle = {Proc. SSVM'15},
	  year={2015}
}

@article{SchnorSegmentation,
    title = "Convex Variational Image Restoration with Histogram",
   	author = "P. Swoboda and C. Schnorr",
	journal = "SIAM J. Imag. Sci.", 
	volume = 6, 
	number = 3,
	pages = "1719?-1735", 
     year = "2013",
}  


%%%% COMPUTER GRAPHICS / GEOMETRY %%%%

@article{Bonneel-displacement, 
author = {Bonneel, N. and {van de Panne}, M. and Paris, S. and Heidrich, W.}, 
title = {Displacement Interpolation Using {Lagrangian} Mass Transport}, 
journal = {ACM Transactions on Graphics (SIGGRAPH ASIA'11)}, 
volume = {30}, 
number = {6}, 
year = {2011}, 
}

@article{delon2006movie,
  title={Movie and video scale-time equalization application to flicker reduction},
  author={J. Delon},
  journal={IEEE Transactions on Image Processing},
  volume={15},
  number={1},
  pages={241--248},
  year={2006},
  publisher={IEEE}
}

@article{pitie2007automated,
  title={Automated colour grading using colour distribution transfer},
  author={F. Piti{\'e} and A.C. Kokaram and R. Dahyot},
  journal={Computer Vision and Image Understanding},
  volume={107},
  number={1},
  pages={123--137},
  year={2007},
  publisher={Elsevier}
}

%%%% MACHINE LEARNING  %%%%%

@ARTICLE{RubTomGui00,
  author = {Y. Rubner and C. Tomasi and L.J. Guibas},
  title = {The Earth Mover's Distance as a Metric for Image Retrieval},
  journal = {International Journal of Computer Vision},
  year = {2000},
  volume = {40},
  number = {2}
}

@INPROCEEDINGS{Pele-iccv2009,
author = {O. Pele and M. Werman},
title = {Fast and Robust Earth Mover's Distances},
booktitle = {ICCV'09},
year = {2009}
}

@INPROCEEDINGS{Solomon-ICML,
  author = {J. Solomon and R.M. Rustamov and L. Guibas and A. Butscher},
  title = {{Wasserstein} Propagation for Semi-Supervised Learning},
  booktitle = {Proc. ICML 2014},
  year = {2014}
}


%%%% GRADIENT FLOWS %%%%

@book{ambrosio2006gradient,
	Author = {Ambrosio, L. and Gigli, N. and Savar{\'e}, G.},
	Date-Added = {2015-02-25 18:03:46 +0000},
	Date-Modified = {2015-06-21 09:45:30 +0000},
	Keywords = {measures; optimal transport; pde},
	Publisher = {Springer Science \& Business Media},
	Title = {Gradient flows: in metric spaces and in the space of probability measures},
	Year = {2008},
	Bdsk-Url-1 = {https://stat.duke.edu/~sayan/ambrosio.pdf}}


@article{burger2010mixed,
  title={A mixed finite element method for nonlinear diffusion equations},
  author={Burger, M. and Carrillo, J. A. and Wolfram, M-T.},
  journal={Kinetic and Related Models},
  volume={3},
  number={1},
  pages={59--83},
  year={2010}
}


@ARTICLE{Burger-JKO,
  author = {M. Burger and M. Franek and C-B. Sch\"onlieb},
  title = {Regularised Regression and Density Estimation based on Optimal Transport},
  journal = {Appl. Math. Res. Express},
  year = {2012},
  volume = {2},
  pages = {209--253}
}

@ARTICLE{CarrilloFiniteVolume,
  author = {Carrillo, J. A. and Chertock, A. and Huang, Y.},
  title = {A Finite-Volume Method for Nonlinear Nonlocal Equations with a Gradient
	Flow Structure},
  journal = {Communications in Computational Physics},
  year = {2015},
  volume = {17},
  pages = {233--258},
  month = {1},
  issn = {1991-7120},
  issue = {01}
}

@ARTICLE{jordan1998variational,
  author = {Jordan, R. and Kinderlehrer, D. and Otto, O.},
  title = {The variational formulation of the {Fokker}-{Planck} equation},
  journal = {SIAM journal on mathematical analysis},
  year = {1998},
  volume = {29},
  pages = {1--17},
  number = {1},
  publisher = {SIAM}
}

@ARTICLE{maury2010macroscopic,
  author = {B. Maury and A. Roudneff-Chupin and F. Santambrogio},
  title = {A macroscopic crowd motion model of gradient flow type},
  journal = {Mathematical Models and Methods in Applied Sciences},
  year = {2010},
  volume = {20},
  pages = {1787--1821},
  number = {10},
  publisher = {World Scientific}
}


@article{otto2001geometry,
  title={The geometry of dissipative evolution equations: the porous medium equation},
  author={Otto, F.},
  year={2001},
journal={Communications in partial differential equations},
volume = {26},
number = {1-2},
pages = {101-174}
}

@article{roudneff2011handling,
  title={Handling congestion in crowd motion models},
  author={B. Maury and A. Roudneff-Chupin and F. Santambrogio and J. Venel},
  journal={Journal: Net. Het. Media},
  volume={6},
  number={3},
  pages={485--519},
  year={2011}
}


% Gradient of convex functions
@article{JDB-JKO,
  title={Discretization of functionals involving the {Monge-Amp\`ere} Operator},
  author={J-D. Benamou and G. Carlier and Q. M\'erigot AND E. Oudet},
  journal={Preprint arXiv:1408.4536},
  year={2014},
}

	
%%%% BARYCENTERS AND MULTIMARGINAL %%%%%

@article{agueh2015optimal,
	Author = {Agueh, M. and Khouider, B. and Saumier, L-P.},
	Date-Added = {2015-05-18 09:09:49 +0000},
	Date-Modified = {2015-05-18 09:09:49 +0000},
	Journal = {Communications in Mathematical Sciences},
	Number = {1},
	Pages = {269--296},
	Publisher = {INT PRESS BOSTON, INC PO BOX 43502, SOMERVILLE, MA 02143 USA},
	Title = {Optimal transport for particle image velocimetry},
	Volume = {13},
	Year = {2015}}

@article{agueh2011barycenters,
  title={Barycenters in the {Wasserstein} space},
  author={Agueh, M. and Carlier, G.},
  journal={SIAM Journal on Mathematical Analysis},
  volume={43},
  number={2},
  pages={904--924},
  year={2011},
  publisher={SIAM}
}


@ARTICLE{BigotBarycenter,
  author = {Bigot, J. and Klein, T.},
  title = {Consistent estimation of a population barycenter in the {W}asserstein
	space},
  journal = {Preprint arXiv:1212.2562},
  year = {2012}
}

%Scalable Bayes via Barycenter in Wasserstein Space Sanvesh Srivastava *1, Cheng Li ?2, and David B. Dunson


%%%% ENTROPIC SMOOTHING %%%%%


@INPROCEEDINGS{CuturiSinkhorn,
  author = {Cuturi, M.},
  title = {{Sinkhorn} Distances: Lightspeed Computation of Optimal Transport},
  booktitle = {Advances in Neural Information Processing Systems (NIPS) 26},
  year = {2013},
  pages = {2292--2300}
}

@INPROCEEDINGS{CuturiBarycenter,
  author = {M. Cuturi and A. Doucet},
  title = {Fast Computation of {Wasserstein} Barycenters},
  booktitle = {Proceedings of ICML},
  year = {2014},
  volume = {32}
}

@ARTICLE{CominettiAsympt,
  author = {R. Cominetti and J. San~Martin},
  title = {Asymptotic analysis of the exponential penalty trajectory in linear
	programming},
  journal = {Mathematical Programming},
  year = {1994},
  volume = {67},
  pages = {169--187},
  number = {1-3}
}

@ARTICLE{DemingStephanIPFP,
  author = {W.~E. Deming and F.~F. Stephan},
  title = {On a Least Squares Adjustment of a Sampled Frequency Table when the
	Expected Marginal Totals are Known},
  journal = {Annals Mathematical Statistics},
  year = {1940},
  volume = {11},
  pages = {427--444},
  number = {4},
  comment = {Introduces iterative updating procedure; useful for computing maximum-entropy
	solution.}
}

@TECHREPORT{Galichon-Entropic,
  author = {A. Galichon and B. Salani\'e},
  title = {Matching with Trade-offs: Revealed Preferences over Competing Characteristics},
  institution = {Preprint SSRN-1487307},
  year = {2009}
}

@ARTICLE{LeonardSchroedinger,
  author = {C. L{\'e}onard},
  title = {A survey of the {Schr\"odinger} problem and some of its connections
	with optimal transport},
  journal = {Discrete Contin. Dyn. Syst. A},
  year = {2014},
  volume = {34},
  pages = {1533--1574},
  number = {4}
}

@article{leonard2012schrodinger,
  title={From the Schr{\"o}dinger problem to the Monge--Kantorovich problem},
  author={C. L{\'e}onard},
  journal={Journal of Functional Analysis},
  volume={262},
  number={4},
  pages={1879--1920},
  year={2012},
  publisher={Elsevier}
}

@comment{@article{Shrodinger31,
	Author = {E. Schrodinger},
	Journal = {Sitzungsberichte Preuss. Akad. Wiss. Berlin. Phys. Math.},
	volume = {144},
	Pages = {144--153},
	Title = {{\"U}ber die {U}mkehrung der {N}aturgesetze},
	Year = {1931}}
}

@article{franklin1989scaling,
  title={On the scaling of multidimensional matrices},
  author={J. Franklin and J. Lorenz},
  journal={Linear Algebra and its applications},
  volume={114},
  pages={717--735},
  year={1989},
  publisher={Elsevier}
}

% Hilbert / Thompson metric
@article{thompson1963certain,
  title={On certain contraction mappings in a partially ordered vector space},
  author={A.C. Thompson},
  journal={Proceedings of the American Mathematical Society},
  volume={14},
  number={3},
  pages={438--443},
  year={1963},
  publisher={JSTOR}
}

% duplicate, see below

@ARTICLE{Schroedinger31,
  author = {E. Schr\"odinger},
  title = {{\"U}ber die {U}mkehrung der {N}aturgesetze},
  journal = {Sitzungsberichte Preuss. Akad. Wiss. Berlin. Phys. Math.},
  year = {1931},
  volume = {144},
  pages = {144--153}
}

@ARTICLE{Sinkhorn64,
  author = {R. Sinkhorn},
  title = {A relationship between arbitrary positive matrices and doubly stochastic
	matrices},
  journal = {Ann. Math. Statist.},
  year = {1964},
  volume = {35},
  pages = {876--879}
}

%%% OPTIM GENERAL %%%%


@book{rockafellar2015convex,
  title={Convex analysis},
  author={R.T. Rockafellar},
  year={2015},
  publisher={Princeton university press}
}

@article{rockafellar1968integrals,
  title={Integrals which are convex functionals},
  author={R.T. Rockafellar},
  journal={Pacific journal of mathematics},
  volume={24},
  number={3},
  pages={525--539},
  year={1968},
  publisher={Mathematical Sciences Publishers}
}

@article{rockafellar1971integrals,
  title={Integrals which are convex functionals. {II}},
  author={R.T. Rockafellar},
  journal={Pacific Journal of Mathematics},
  volume={39},
  number={2},
  pages={439--469},
  year={1971},
  publisher={Mathematical Sciences Publishers}
}

@article{rockafellar1967duality,
  title={Duality and stability in extremum problems involving convex functions},
  author={R.T. Rockafellar},
  journal={Pacific Journal of Mathematics},
  volume={21},
  number={1},
  pages={167--187},
  year={1967},
  publisher={Mathematical Sciences Publishers}
}

@article{bouchitte1988integral,
  title={Integral representation of convex functionals on a space of measures},
  author={Bouchitt{\'e}, Guy and Valadier, Michel},
  journal={Journal of functional analysis},
  volume={80},
  number={2},
  pages={398--420},
  year={1988},
  publisher={Elsevier}
}

@incollection{rockafellar1976integral,
  title={Integral functionals, normal integrands and measurable selections},
  author={R.T. Rockafellar},
  booktitle={Nonlinear operators and the calculus of variations},
  pages={157--207},
  year={1976},
  publisher={Springer}
}

% Dykstra with bregman div
@Article{CensorReich,
  author =	"Y. Censor and S. Reich",
  title =	"The {Dykstra} algorithm with {Bregman} projections",
  journal =	"Communications in Applied Analysis",
  year = 	"1998",
  volume =	"2",
  pages =	"407--419",
}
@Article{BregmanCensorReich-Dykstra,
  author =	"L.M. Bregman and Y. Censor and S. Reich",
  title =	"Dykstra's algorithm as the nonlinear extension of {Bregman's} optimization method",
  journal =	"Journal of Convex Analysis",
  year = 	"1999",
  volume =	"6",
  pages =	"319--333",
}


@BOOK{BauschkeCombettes11,
  title = {Convex Analysis and Monotone Operator Theory in {H}ilbert Spaces.},
  publisher = {Springer-Verlag},
  year = {2011},
  author = {H. H. Bauschke and P. L. Combettes},
  address = {New York},
  date-added = {2011-07-25 22:36:34 +0200},
  date-modified = {2011-08-20 15:12:52 +0200}
}	

@ARTICLE{Dykstra83,
  author = {R. L. Dykstra},
  title = {An algorithm for restricted least squares regression},
  journal = {J. Amer. Stat.},
  year = {1983},
  volume = {78},
  pages = {839--842},
  number = {384}
}

@BOOK{nesterov1994interior,
  title = {Interior-point polynomial algorithms in convex programming},
  publisher = {SIAM},
  year = {1994},
  author = {Nesterov, Y. and Nemirovskii, A. and Ye, Y.},
  volume = {13},
  date-added = {2014-03-31 13:57:18 +0000},
  date-modified = {2014-03-31 13:57:26 +0000}
}

@article{attouch-2010,
 author = {Attouch, H{\'e}dy and Bolte, J{\'e}r\^{o}me and Redont, Patrick and Soubeyran, Antoine},
 title = {Proximal Alternating Minimization and Projection Methods for Nonconvex Problems: An Approach Based on the {K}urdyka-{{\L}}ojasiewicz Inequality},
 journal = {Math. Oper. Res.},
 volume = {35},
 number = {2},
 month = may,
 year = {2010},
 pages = {438--457},
}

@article{borwein1994entropy,
  title={Entropy minimization, DAD problems, and doubly stochastic kernels},
  author={Borwein, Jonathan M and Lewis, Adrian Stephen and Nussbaum, Roger D},
  journal={Journal of Functional Analysis},
  volume={123},
  number={2},
  pages={264--307},
  year={1994},
  publisher={Elsevier}
}

@book{rockafellar2009variational,
  title={Variational analysis},
  author={R.T. Rockafellar and R. J-B. Wets},
  volume={317},
  year={2009},
  publisher={Springer Science \& Business Media}
}

%%%% BREGMAN OPTIMIZATION %%%%%

@ARTICLE{bauschke-lewis,
  author = {Bauschke, H. H. and Lewis, A. S.},
  title = {Dykstra's algorithm with {B}regman projections: a convergence proof},
  journal = {Optimization},
  year = {2000},
  volume = {48},
  pages = {409--427},
  number = {4},
  fjournal = {Optimization. A Journal of Mathematical Programming and Operations
	Research}
}

@ARTICLE{bregman1967relaxation,
  author = {Bregman, L. M.},
  title = {The relaxation method of finding the common point of convex sets
	and its application to the solution of problems in convex programming},
  journal = {USSR computational mathematics and mathematical physics},
  year = {1967},
  volume = {7},
  pages = {200--217},
  number = {3},
  publisher = {Elsevier}
}

@ARTICLE{EcksteinProxPoint,
  author = {J. Eckstein},
  title = {Nonlinear proximal point algorithms using {Bregman} functions, with
	applications to convex programming},
  journal = {Mathematics of Operations Research},
  year = {1993},
  volume = {18},
  pages = {202--226},
  number = {1}
}


@Article{ChambollePock-div,
  author =	"A. Chambolle and T. Pock",
  title =	"On the ergodic convergence rates of a first-order primal-dual algorithm",
  journal =	"preprint",
  year = 	"2014",
}



@ARTICLE{WangBanerjee-ADMM,
  author = {H. Wang and A. Banerjee},
  title = {{Bregman} Alternating Direction Method of Multipliers},
  journal = {preprint arXiv:1306.3203},
  year = {2014}
}


@article{bot-2015,
year={2015},
journal={{EURO} J. Computational Optimization},
title={An inertial forward--backward algorithm for the minimization of the sum of two nonconvex functions},
author={Bo{\c t}, R. I. and Csetnek, E. R. and L\'aszl\'o, S. C.},
pages={1--23},
}

@article{NguyenFB2015,
year={2015},
journal={arXiv:1505.05198 },
title={Forward-Backward Splitting with {Bregman} Distances},
author={Q. V. Nguyen},
}



@article {Csiszar75,
    AUTHOR = {Csisz{\'a}r, I.},
     TITLE = {{$I$}-divergence geometry of probability distributions and
              minimization problems},
   JOURNAL = {Ann. Probability},
    VOLUME = {3},
      YEAR = {1975},
     PAGES = {146--158},
   MRCLASS = {62B10 (60E05)},
  MRNUMBER = {0365798 (51 \#2050)},
MRREVIEWER = {I. J. Good},
}

@article{csiszar63,
author = {Csisz{\'a}r, I.},
title = {Eine {I}nformationstheoretische {U}ngleichung und ihre {A}nwendung auf den {B}eweis der {E}rgodizität on {M}arkoffschen {K}etten},
journal = {Publ. Math. Inst. Hungar. Acad. Sci.},
volume = {3},
year = {1963},
pages = {84--108},
series = {A},
}

@article{liese2006divergences,
  title={On divergences and informations in statistics and information theory},
  author={Liese, F. and Vajda, I.},
  journal={Information Theory, IEEE Transactions on},
  volume={52},
  number={10},
  pages={4394--4412},
  year={2006},
  publisher={IEEE}
}


@article{SchmitzerShortCuts2015,
  Title                    = {A Sparse Multiscale Algorithm for Dense Optimal Transport},
  Author                   = {B. Schmitzer},
  Journal                  = {J Math Imaging Vis},
  Volume                   = {56},
  Number                   = {2},
  Year                     = {2016},
  Pages                    = {238--259}
}

@Article{Bertsekas-OptimalTransport-1989,
  Title                    = {The auction algorithm for the transportation problem},
  Author                   = {D. Bertsekas and D. Castanon},
  Journal                  = {Annals of Operations Research},
  Year                     = {1989},
  Pages                    = {67--96},
  Volume                   = {20},
  Doi                      = {10.1007/BF02216923},
  Issue                    = {1}
}

@article{beck2015convergence,
  title={On the convergence of alternating minimization for convex programming with applications to iteratively reweighted least squares and decomposition schemes},
  author={A. Beck},
  journal={SIAM Journal on Optimization},
  volume={25},
  number={1},
  pages={185--209},
  year={2015},
  publisher={SIAM}
}

@Article{YuilleInvisibleHand1994,
  Title                    = {The invisible hand algorithm: Solving the assignment problem with statistical physics},
  Author                   = {J.J. Kosowsky and A.L. Yuille},
  Journal                  = {Neural Networks},
  Year                     = {1994},
  Number                   = {3},
  Pages                    = {477--490},
  Volume                   = {7}
}

@Misc{SchmitzerScaling2016,
  Title                    = {Stabilized Sparse Scaling Algorithms for Entropy Regularized Transport Problems},
  Author                   = {B. Schmitzer},
  HowPublished             = {https://arxiv.org/abs/1610.06519},
  Year                     = {2016}
}

