%% This BibTeX bibliography file was created using BibDesk.
%% http://bibdesk.sourceforge.net/


%% Created for Fran√ßois-Xavier VIALARD at 2015-06-22 00:43:40 +0200 


%% Saved with string encoding Unicode (UTF-8) 

@article{Metamorphosis2005,
year={2005},
issn={1615-3375},
journal={Foundations of Computational Mathematics},
volume={5},
number={2},
doi={10.1007/s10208-004-0128-z},
title={Metamorphoses Through Lie Group Action},
url={http://dx.doi.org/10.1007/s10208-004-0128-z},
publisher={Springer-Verlag},
keywords={Groups of diffeomorphisms; Infinite-dimensional shape spaces; Geodesics; Shape recognition; Image registration},
author={Trouv\'e, A. and Younes, L.},
pages={173-198},
language={English}
}
@Article{2012arXiv1207.6736A,
author="Ay, Nihat
and Jost, J{\"u}rgen
and L{\^e}, H{\^o}ng V{\^a}n
and Schwachh{\"o}fer, Lorenz",
title="Information geometry and sufficient statistics",
journal="Probability Theory and Related Fields",
year="2015",
volume="162",
number="1",
pages="327--364",
issn="1432-2064",
doi="10.1007/s00440-014-0574-8",
url="http://dx.doi.org/10.1007/s00440-014-0574-8"
}

@article{Kantorovich42,
	Address = {Hingham, MA, USA},
	Author = {L. Kantorovich},
	Journal = {Doklady Akademii Nauk},
	Number = {2},
	Optannote = {Translated in Management Science, Vol. 5, pp. 1--4, 1959},
	Pages = {227-229},
	Title = {On the transfer of masses (in Russian)},
	Volume = {37},
	Year = {1942}}

@techreport{new2015kondratyev,
	Author = {S. Kondratyev and L. Monsaingeon and D. Vorotnikov},
	Date-Added = {2015-06-20 20:53:00 +0000},
	Date-Modified = {2015-06-21 09:53:39 +0000},
	Institution = {Pre-print},
	Title = {A new optimal transport distance on the space of finite {R}adon measures},
	Year = {2015}}

@techreport{guittet2002extended,
	Author = {Guittet, K.},
	Date-Added = {2015-06-20 18:57:13 +0000},
	Date-Modified = {2015-06-21 09:52:37 +0000},
	Institution = {Tech. Rep. 4402, {INRIA}},
	Title = {Extended {K}antorovich norms: a tool for optimization},
	Year = {2002}}

@incollection{combettes2011proximal,
	Author = {Combettes, P.L. and Pesquet, J-C.},
	Booktitle = {Fixed-point algorithms for inverse problems in science and engineering},
	Date-Added = {2015-06-20 08:43:10 +0000},
	Date-Modified = {2015-06-21 09:51:31 +0000},
	Pages = {185--212},
	Publisher = {Springer},
	Title = {Proximal splitting methods in signal processing},
	Year = {2011}}

@article{beg2005computing,
	Author = {Beg, M. F. and Miller, M. I. and Trouv{\'e}, A. and Younes, L.},
	Date-Added = {2015-06-20 05:49:59 +0000},
	Date-Modified = {2015-06-21 09:50:03 +0000},
	Journal = {International journal of computer vision},
	Number = {2},
	Pages = {139--157},
	Publisher = {Springer},
	Title = {Computing large deformation metric mappings via geodesic flows of diffeomorphisms},
	Volume = {61},
	Year = {2005}}

@article{haker2004optimal,
	Author = {Haker, S. and Zhu, L. and Tannenbaum, A. and Angenent, S.},
	Date-Added = {2015-06-19 22:09:52 +0000},
	Date-Modified = {2015-06-21 09:53:09 +0000},
	Journal = {International Journal of computer vision},
	Number = {3},
	Pages = {225--240},
	Publisher = {Springer},
	Title = {Optimal mass transport for registration and warping},
	Volume = {60},
	Year = {2004}}

@article{agueh2015optimal,
	Author = {Agueh, Martial and Khouider, Boualem and Saumier, Louis-Philippe},
	Date-Added = {2015-05-18 09:09:49 +0000},
	Date-Modified = {2015-05-18 09:09:49 +0000},
	Journal = {Communications in Mathematical Sciences},
	Number = {1},
	Pages = {269--296},
	Publisher = {INT PRESS BOSTON, INC PO BOX 43502, SOMERVILLE, MA 02143 USA},
	Title = {Optimal transport for particle image velocimetry},
	Volume = {13},
	Year = {2015}}

@article{figalli2010new,
	Author = {Figalli, A. and Gigli, N.},
	Date-Added = {2015-05-14 15:04:12 +0000},
	Date-Modified = {2015-06-21 09:52:10 +0000},
	Journal = {Journal de math{\'e}matiques pures et appliqu{\'e}es},
	Number = {2},
	Pages = {107--130},
	Publisher = {Elsevier},
	Title = {A new transportation distance between non-negative measures, with applications to gradients flows with Dirichlet boundary conditions},
	Volume = {94},
	Year = {2010}}

@article{combettes2007douglas,
	Author = {Combettes, P. L. and Pesquet, J-C.},
	Date-Added = {2015-05-12 15:39:28 +0000},
	Date-Modified = {2015-06-21 09:51:11 +0000},
	Journal = {Selected Topics in Signal Processing, IEEE Journal of},
	Number = {4},
	Pages = {564--574},
	Publisher = {IEEE},
	Title = {A {D}ouglas--{R}achford splitting approach to nonsmooth convex variational signal recovery},
	Volume = {1},
	Year = {2007}}

@article{trouve2005local,
	Author = {Trouv{\'e}, Alain and Younes, Laurent},
	Date-Added = {2015-04-28 15:00:52 +0000},
	Date-Modified = {2015-04-28 15:00:52 +0000},
	Journal = {SIAM journal on mathematical analysis},
	Number = {1},
	Pages = {17--59},
	Publisher = {SIAM},
	Title = {Local geometry of deformable templates},
	Volume = {37},
	Year = {2005}}

@article{khesin2013geometry,
	Author = {Khesin, B and Lenells, J and Misio{\l}ek, G and Preston, SC},
	Date-Added = {2015-04-28 14:59:18 +0000},
	Date-Modified = {2015-04-28 14:59:18 +0000},
	Journal = {Geometric and Functional Analysis},
	Number = {1},
	Pages = {334--366},
	Publisher = {Springer},
	Title = {Geometry of diffeomorphism groups, complete integrability and geometric statistics},
	Volume = {23},
	Year = {2013}}

@article{figalli2010optimal,
	Author = {Figalli, A.},
	Date-Added = {2015-04-28 14:56:13 +0000},
	Date-Modified = {2015-06-21 09:52:25 +0000},
	Journal = {Archive for rational mechanics and analysis},
	Number = {2},
	Pages = {533--560},
	Publisher = {Springer},
	Title = {The optimal partial transport problem},
	Volume = {195},
	Year = {2010},
	Bdsk-Url-1 = {https://www.ma.utexas.edu/users/figalli/papers/The%20optimal%20partial%20transport%20problem.pdf}}

@article{caffarelli2010free,
	Author = {Caffarelli, L. and McCann, R. J.},
	Date-Added = {2015-04-28 14:50:47 +0000},
	Date-Modified = {2015-06-21 09:50:41 +0000},
	Journal = {Annals of mathematics},
	Number = {2},
	Pages = {673--730},
	Publisher = {Princeton University and the Institute for Advanced Study},
	Title = {Free boundaries in optimal transport and {M}onge-{A}mpere obstacle problems},
	Volume = {171},
	Year = {2010},
	Bdsk-Url-1 = {http://annals.math.princeton.edu/wp-content/uploads/annals-v171-n2-p02-s.pdf}}

@article{radhakrishna1945information,
	Author = {Rao, C.R.},
	Date-Added = {2015-04-28 13:23:56 +0000},
	Date-Modified = {2015-06-21 09:55:44 +0000},
	Journal = {Bulletin of the Calcutta Mathematical Society},
	Number = {3},
	Pages = {81--91},
	Publisher = {Calcutta Mathematical Society},
	Title = {Information and accuracy attainable in the estimation of statistical parameters},
	Volume = {37},
	Year = {1945},
	Bdsk-File-1 = {YnBsaXN0MDDUAQIDBAUGJCVYJHZlcnNpb25YJG9iamVjdHNZJGFyY2hpdmVyVCR0b3ASAAGGoKgHCBMUFRYaIVUkbnVsbNMJCgsMDxJXTlMua2V5c1pOUy5vYmplY3RzViRjbGFzc6INDoACgAOiEBGABIAFgAdccmVsYXRpdmVQYXRoWWFsaWFzRGF0YV8QOi4uLy4uLy4uLy4uL0RvY3VtZW50cy9SZWZlcmVuY2VzL1Jhb01ldHJpY0ludHJvZHVjdGlvbi5wZGbSFwsYGVdOUy5kYXRhTxEBxgAAAAABxgACAAAMTWFjaW50b3NoIEhEAAAAAAAAAAAAAAAAAAAAz9QyIEgrAAAAGigLGVJhb01ldHJpY0ludHJvZHVjdGlvbi5wZGYAAAAAAAAAAAAAAAAAAAAAAAAAAAAAAAAAAAAAAAAAAAAAAAAAAAA2SNvOGCd5AAAAAAAAAAAABAADAAAJIAAAAAAAAAAAAAAAAAAAAApSZWZlcmVuY2VzABAACAAAz9QWAAAAABEACAAAzhgLWQAAAAEAEAAaKAsAEVa2ABFWsgACZvkAAgBMTWFjaW50b3NoIEhEOlVzZXJzOgBjaGl6YXQ6AERvY3VtZW50czoAUmVmZXJlbmNlczoAUmFvTWV0cmljSW50cm9kdWN0aW9uLnBkZgAOADQAGQBSAGEAbwBNAGUAdAByAGkAYwBJAG4AdAByAG8AZAB1AGMAdABpAG8AbgAuAHAAZABmAA8AGgAMAE0AYQBjAGkAbgB0AG8AcwBoACAASABEABIAO1VzZXJzL2NoaXphdC9Eb2N1bWVudHMvUmVmZXJlbmNlcy9SYW9NZXRyaWNJbnRyb2R1Y3Rpb24ucGRmAAATAAEvAAAVAAIADf//AACABtIbHB0eWiRjbGFzc25hbWVYJGNsYXNzZXNdTlNNdXRhYmxlRGF0YaMdHyBWTlNEYXRhWE5TT2JqZWN00hscIiNcTlNEaWN0aW9uYXJ5oiIgXxAPTlNLZXllZEFyY2hpdmVy0SYnVHJvb3SAAQAIABEAGgAjAC0AMgA3AEAARgBNAFUAYABnAGoAbABuAHEAcwB1AHcAhACOAMsA0ADYAqICpAKpArQCvQLLAs8C1gLfAuQC8QL0AwYDCQMOAAAAAAAAAgEAAAAAAAAAKAAAAAAAAAAAAAAAAAAAAxA=}}

@article{hanin1992kantorovich,
	Author = {Hanin, L. G.},
	Date-Added = {2015-04-28 12:37:08 +0000},
	Date-Modified = {2015-06-21 09:52:50 +0000},
	Journal = {Proceedings of the American Mathematical Society},
	Number = {2},
	Pages = {345--352},
	Title = {{K}antorovich-{R}ubinstein norm and its application in the theory of {L}ipschitz spaces},
	Volume = {115},
	Year = {1992},
	Bdsk-Url-1 = {http://sci-hub.org/doi/10.1090/S0002-9939-1992-1097344-5}}

@article{jimenez2008dynamic,
	Author = {Jimenez, C.},
	Date-Added = {2015-04-21 17:01:12 +0000},
	Date-Modified = {2015-06-21 09:53:21 +0000},
	Journal = {Journal of Convex Analysis},
	Keywords = {optimal transport},
	Number = {3},
	Pages = {593},
	Publisher = {HELDERMANN VERLAG LANGER GRABEN 17, 32657 LEMGO, GERMANY},
	Title = {Dynamic formulation of optimal transport problems},
	Volume = {15},
	Year = {2008},
	Bdsk-Url-1 = {http://www.calcvar.sns.it/media/doc/paper/290/dynamicJimenez.pdf}}

@article{Cardaliaguet:2012aa,
	Abstract = {In this paper, we study the characterization of geodesics for a class of distances between probability measures introduced by Dolbeault, Nazaret and Savar e. We first prove the existence of a potential function and then give necessary and suffi cient optimality conditions that take the form of a coupled system of PDEs somehow similar to the Mean-Field-Games system of Lasry and Lions. We also consider an equivalent formulation posed in a set of probability measures over curves.},
	Author = {P. Cardaliaguet and G. Carlier and B. Nazaret},
	Date-Added = {2015-04-21 16:56:05 +0000},
	Date-Modified = {2015-06-21 09:50:22 +0000},
	Eprint = {1204.2517},
	Journal = {Calculus of Variations and Partial Differential Equations},
	Keywords = {optimal transport},
	Number = {3-4},
	Pages = {395--420},
	Title = {Geodesics for a class of distances in the space of probability measures},
	Url = {http://arxiv.org/abs/1204.2517},
	Volume = {48},
	Year = {2013},
	Bdsk-Url-1 = {http://arxiv.org/abs/1204.2517}}

@article{rockafellar1971integrals,
	Author = {Rockafellar, R.},
	Date-Added = {2015-04-21 12:29:01 +0000},
	Date-Modified = {2015-06-21 09:55:12 +0000},
	Journal = {Pacific Journal of Mathematics},
	Keywords = {measures},
	Number = {2},
	Pages = {439--469},
	Title = {Integrals which are convex functionals. II},
	Volume = {39},
	Year = {1971},
	Bdsk-Url-1 = {http://msp.org/pjm/1971/39-2/pjm-v39-n2-p10-p.pdf}}

@article{benamou2003numerical,
	Author = {Benamou, J-D.},
	Date-Added = {2015-04-20 08:55:45 +0000},
	Date-Modified = {2015-06-21 09:49:22 +0000},
	Journal = {ESAIM: Mathematical Modelling and Numerical Analysis},
	Keywords = {optimal transport},
	Number = {05},
	Pages = {851--868},
	Publisher = {Cambridge Univ Press},
	Title = {Numerical resolution of an ``unbalanced'' mass transport problem},
	Volume = {37},
	Year = {2003},
	Bdsk-Url-1 = {https://hal.inria.fr/inria-00071800/document}}

@article{demengel1986convex,
	Author = {Demengel, F and Temam, R},
	Date-Added = {2015-03-27 09:22:02 +0000},
	Date-Modified = {2015-03-27 09:22:26 +0000},
	Journal = {North-Holland Mathematics Studies},
	Keywords = {measures; optimal transport},
	Pages = {103--134},
	Publisher = {Elsevier},
	Rating = {4},
	Title = {Convex Function of a Measure the Unbounded Case},
	Volume = {129},
	Year = {1986}}

@article{bouchitte1988integral,
	Author = {Bouchitt{\'e}, Guy and Valadier, Michel},
	Date-Added = {2015-03-03 13:40:04 +0000},
	Date-Modified = {2015-03-03 13:40:20 +0000},
	Journal = {Journal of functional analysis},
	Keywords = {measures},
	Number = {2},
	Pages = {398--420},
	Publisher = {Elsevier},
	Title = {Integral representation of convex functionals on a space of measures},
	Volume = {80},
	Year = {1988},
	Bdsk-File-1 = {YnBsaXN0MDDUAQIDBAUGJCVYJHZlcnNpb25YJG9iamVjdHNZJGFyY2hpdmVyVCR0b3ASAAGGoKgHCBMUFRYaIVUkbnVsbNMJCgsMDxJXTlMua2V5c1pOUy5vYmplY3RzViRjbGFzc6INDoACgAOiEBGABIAFgAdccmVsYXRpdmVQYXRoWWFsaWFzRGF0YV8QLi4uLy4uLy4uLy4uL0RvY3VtZW50cy9SZWZlcmVuY2VzL2xzY2NvbnZleC5wZGbSFwsYGVdOUy5kYXRhTxEBlgAAAAABlgACAAAMTWFjaW50b3NoIEhEAAAAAAAAAAAAAAAAAAAAz9QyIEgrAAAAGigLDWxzY2NvbnZleC5wZGYAAAAAAAAAAAAAAAAAAAAAAAAAAAAAAAAAAAAAAAAAAAAAAAAAAAAAAAAAAAAAAAAAAAA1eSHRG3gTAAAAAAAAAAAABAADAAAJIAAAAAAAAAAAAAAAAAAAAApSZWZlcmVuY2VzABAACAAAz9QWAAAAABEACAAA0RtqAwAAAAEAEAAaKAsAEVa2ABFWsgACZvkAAgBATWFjaW50b3NoIEhEOlVzZXJzOgBjaGl6YXQ6AERvY3VtZW50czoAUmVmZXJlbmNlczoAbHNjY29udmV4LnBkZgAOABwADQBsAHMAYwBjAG8AbgB2AGUAeAAuAHAAZABmAA8AGgAMAE0AYQBjAGkAbgB0AG8AcwBoACAASABEABIAL1VzZXJzL2NoaXphdC9Eb2N1bWVudHMvUmVmZXJlbmNlcy9sc2Njb252ZXgucGRmAAATAAEvAAAVAAIADf//AACABtIbHB0eWiRjbGFzc25hbWVYJGNsYXNzZXNdTlNNdXRhYmxlRGF0YaMdHyBWTlNEYXRhWE5TT2JqZWN00hscIiNcTlNEaWN0aW9uYXJ5oiIgXxAPTlNLZXllZEFyY2hpdmVy0SYnVHJvb3SAAQAIABEAGgAjAC0AMgA3AEAARgBNAFUAYABnAGoAbABuAHEAcwB1AHcAhACOAL8AxADMAmYCaAJtAngCgQKPApMCmgKjAqgCtQK4AsoCzQLSAAAAAAAAAgEAAAAAAAAAKAAAAAAAAAAAAAAAAAAAAtQ=}}

@article{ambrosio1988weak,
	Author = {Ambrosio, Luigi and Buttazzo, Giuseppe},
	Date-Added = {2015-03-03 13:33:49 +0000},
	Date-Modified = {2015-03-03 13:34:11 +0000},
	Journal = {Annali di Matematica Pura ed Applicata},
	Keywords = {measures},
	Number = {1},
	Pages = {311--339},
	Publisher = {Springer},
	Title = {Weak lower semicontinuous envelope of functionals defined on a space of measures},
	Volume = {150},
	Year = {1988},
	Bdsk-File-1 = {YnBsaXN0MDDUAQIDBAUGJCVYJHZlcnNpb25YJG9iamVjdHNZJGFyY2hpdmVyVCR0b3ASAAGGoKgHCBMUFRYaIVUkbnVsbNMJCgsMDxJXTlMua2V5c1pOUy5vYmplY3RzViRjbGFzc6INDoACgAOiEBGABIAFgAdccmVsYXRpdmVQYXRoWWFsaWFzRGF0YV8QPy4uLy4uLy4uLy4uL0RvY3VtZW50cy9SZWZlcmVuY2VzL2xzY2Z1bmN0aW9uYWxzYW1icm8ud2ViYXJjaGl2ZdIXCxgZV05TLmRhdGFPEQHaAAAAAAHaAAIAAAxNYWNpbnRvc2ggSEQAAAAAAAAAAAAAAAAAAADP1DIgSCsAAAAaKAsebHNjZnVuY3Rpb25hbHNhbWJyby53ZWJhcmNoaXZlAAAAAAAAAAAAAAAAAAAAAAAAAAAAAAAAAAAAAAAAAAAAACeqndEbdpkAAAAAAAAAAAAEAAMAAAkgAAAAAAAAAAAAAAAAAAAAClJlZmVyZW5jZXMAEAAIAADP1BYAAAAAEQAIAADRG2iJAAAAAQAQABooCwARVrYAEVayAAJm+QACAFFNYWNpbnRvc2ggSEQ6VXNlcnM6AGNoaXphdDoARG9jdW1lbnRzOgBSZWZlcmVuY2VzOgBsc2NmdW5jdGlvbmFsc2FtYnJvLndlYmFyY2hpdmUAAA4APgAeAGwAcwBjAGYAdQBuAGMAdABpAG8AbgBhAGwAcwBhAG0AYgByAG8ALgB3AGUAYgBhAHIAYwBoAGkAdgBlAA8AGgAMAE0AYQBjAGkAbgB0AG8AcwBoACAASABEABIAQFVzZXJzL2NoaXphdC9Eb2N1bWVudHMvUmVmZXJlbmNlcy9sc2NmdW5jdGlvbmFsc2FtYnJvLndlYmFyY2hpdmUAEwABLwAAFQACAA3//wAAgAbSGxwdHlokY2xhc3NuYW1lWCRjbGFzc2VzXU5TTXV0YWJsZURhdGGjHR8gVk5TRGF0YVhOU09iamVjdNIbHCIjXE5TRGljdGlvbmFyeaIiIF8QD05TS2V5ZWRBcmNoaXZlctEmJ1Ryb290gAEACAARABoAIwAtADIANwBAAEYATQBVAGAAZwBqAGwAbgBxAHMAdQB3AIQAjgDQANUA3QK7Ar0CwgLNAtYC5ALoAu8C+AL9AwoDDQMfAyIDJwAAAAAAAAIBAAAAAAAAACgAAAAAAAAAAAAAAAAAAAMp}}

@article{bouchitte1990new,
	Author = {Bouchitt{\'e}, G. and Buttazzo, G.},
	Date-Added = {2015-03-03 13:17:47 +0000},
	Date-Modified = {2015-06-21 09:47:39 +0000},
	Journal = {Nonlinear Analysis: Theory, Methods \& Applications},
	Keywords = {measures},
	Number = {7},
	Pages = {679--692},
	Publisher = {Elsevier},
	Title = {New lower semicontinuity results for nonconvex functionals defined on measures},
	Volume = {15},
	Year = {1990},
	Bdsk-File-1 = {YnBsaXN0MDDUAQIDBAUGJCVYJHZlcnNpb25YJG9iamVjdHNZJGFyY2hpdmVyVCR0b3ASAAGGoKgHCBMUFRYaIVUkbnVsbNMJCgsMDxJXTlMua2V5c1pOUy5vYmplY3RzViRjbGFzc6INDoACgAOiEBGABIAFgAdccmVsYXRpdmVQYXRoWWFsaWFzRGF0YV8QMy4uLy4uLy4uLy4uL0RvY3VtZW50cy9SZWZlcmVuY2VzL2xzY2Z1bmN0aW9uYWxzLnBkZtIXCxgZV05TLmRhdGFPEQGqAAAAAAGqAAIAAAxNYWNpbnRvc2ggSEQAAAAAAAAAAAAAAAAAAADP1DIgSCsAAAAaKAsSbHNjZnVuY3Rpb25hbHMucGRmAAAAAAAAAAAAAAAAAAAAAAAAAAAAAAAAAAAAAAAAAAAAAAAAAAAAAAAAAAAAACepbdEbctUAAAAAAAAAAAAEAAMAAAkgAAAAAAAAAAAAAAAAAAAAClJlZmVyZW5jZXMAEAAIAADP1BYAAAAAEQAIAADRG2TFAAAAAQAQABooCwARVrYAEVayAAJm+QACAEVNYWNpbnRvc2ggSEQ6VXNlcnM6AGNoaXphdDoARG9jdW1lbnRzOgBSZWZlcmVuY2VzOgBsc2NmdW5jdGlvbmFscy5wZGYAAA4AJgASAGwAcwBjAGYAdQBuAGMAdABpAG8AbgBhAGwAcwAuAHAAZABmAA8AGgAMAE0AYQBjAGkAbgB0AG8AcwBoACAASABEABIANFVzZXJzL2NoaXphdC9Eb2N1bWVudHMvUmVmZXJlbmNlcy9sc2NmdW5jdGlvbmFscy5wZGYAEwABLwAAFQACAA3//wAAgAbSGxwdHlokY2xhc3NuYW1lWCRjbGFzc2VzXU5TTXV0YWJsZURhdGGjHR8gVk5TRGF0YVhOU09iamVjdNIbHCIjXE5TRGljdGlvbmFyeaIiIF8QD05TS2V5ZWRBcmNoaXZlctEmJ1Ryb290gAEACAARABoAIwAtADIANwBAAEYATQBVAGAAZwBqAGwAbgBxAHMAdQB3AIQAjgDEAMkA0QJ/AoEChgKRApoCqAKsArMCvALBAs4C0QLjAuYC6wAAAAAAAAIBAAAAAAAAACgAAAAAAAAAAAAAAAAAAALt}}

@book{ambrosio2006gradient,
	Author = {Ambrosio, L. and Gigli, N. and Savar{\'e}, G.},
	Date-Added = {2015-02-25 18:03:46 +0000},
	Date-Modified = {2015-06-21 09:45:30 +0000},
	Keywords = {measures; optimal transport; pde},
	Publisher = {Springer Science \& Business Media},
	Title = {Gradient flows: in metric spaces and in the space of probability measures},
	Year = {2008},
	Bdsk-Url-1 = {https://stat.duke.edu/~sayan/ambrosio.pdf}}

@article{benamou2000computational,
	Author = {Benamou, J-D. and Brenier, Y.},
	Date-Added = {2015-02-08 20:05:54 +0000},
	Date-Modified = {2015-06-21 09:48:07 +0000},
	Journal = {Numerische Mathematik},
	Keywords = {optimal transport},
	Number = {3},
	Pages = {375--393},
	Publisher = {Springer},
	Title = {A computational fluid mechanics solution to the {M}onge-{K}antorovich mass transfer problem},
	Volume = {84},
	Year = {2000},
	Bdsk-Url-1 = {http://link.springer.com.sci-hub.org/article/10.1007%2Fs002110050002?LI=true}}

@article{OTmaasrumpf,
	Author = {J. Maas and M. Rumpf and C. Sch{\"o}nlieb and S. Simon},
	Date-Added = {2015-02-05 21:25:36 +0000},
	Date-Modified = {2015-06-21 09:54:16 +0000},
	Keywords = {optimal transport},
	Read = {1},
	Journal = {ESAIM: M2AN},
	Volume = {49},
	Pages={1745-1769},
	Number = {6},
	Title = {A generalized model for optimal transport of images including dissipation and density modulation},
	Year = {2015},
	Bdsk-Url-1 = {http://www.damtp.cam.ac.uk/user/cbs31/Publications_files/paper.pdf}}

@article{benamou2001mixed,
	Author = {Benamou, J-D. and Brenier, Y.},
	Date-Added = {2015-02-05 21:14:20 +0000},
	Date-Modified = {2015-06-21 09:48:20 +0000},
	Journal = {Journal of Optimization Theory and Applications},
	Keywords = {optimal transport},
	Number = {2},
	Pages = {255--271},
	Publisher = {Springer},
	Title = {Mixed {L2}-{W}asserstein optimal mapping between prescribed density functions},
	Volume = {111},
	Year = {2001},
	Bdsk-Url-1 = {http://citeseerx.ist.psu.edu/viewdoc/download?doi=10.1.1.21.168&rep=rep1&type=pdf}}

@unpublished{diffmatch2015,
	Author = {Martin Bauer, Sarang Joshi, Klas Modin},
	Date-Added = {2015-02-04 12:48:11 +0000},
	Date-Modified = {2015-02-04 12:50:12 +0000},
	Keywords = {optimal transport; measures},
	Month = {january},
	Title = {Diffeomorphic density matching by optimal information transport},
	Year = {2015},
	Bdsk-Url-1 = {http://arxiv.org/abs/1501.07635}}

@book{villani2008optimal,
	Author = {Villani, C.},
	Date-Added = {2015-02-04 10:37:43 +0000},
	Date-Modified = {2015-02-04 12:50:30 +0000},
	Keywords = {optimal transport; manifolds},
	Publisher = {Springer Science \&amp; Business Media},
	Title = {Optimal transport: old and new},
	Volume = {338},
	Year = {2008},
	Bdsk-Url-1 = {http://cedricvillani.org/wp-content/uploads/2012/08/preprint-1.pdf}}

@article{papadakis2014optimal,
	Author = {Papadakis, N. and Peyr{\'e}, G. and Oudet, E.},
	Date-Added = {2015-02-03 17:31:20 +0000},
	Date-Modified = {2015-06-21 09:54:34 +0000},
	Journal = {SIAM Journal on Imaging Sciences},
	Keywords = {optimal transport},
	Number = {1},
	Pages = {212--238},
	Publisher = {SIAM},
	Read = {1},
	Title = {Optimal transport with proximal splitting},
	Volume = {7},
	Year = {2014},
	Bdsk-Url-1 = {http://arxiv.org/abs/1304.5784}}

@book{cedric2003topics,
	Author = {C. Villani},
	Date-Added = {2015-02-03 17:30:12 +0000},
	Date-Modified = {2015-02-04 12:50:56 +0000},
	Keywords = {optimal transport},
	Number = {58},
	Publisher = {American Mathematical Soc.},
	Rating = {5},
	Title = {Topics in optimal transportation},
	Year = {2003}}

@article{lott2008some,
	Author = {Lott, John},
	Date-Added = {2015-02-03 17:23:02 +0000},
	Date-Modified = {2015-02-03 17:23:35 +0000},
	Journal = {Communications in Mathematical Physics},
	Keywords = {manifolds; optimal transport},
	Number = {2},
	Pages = {423--437},
	Publisher = {Springer},
	Title = {Some geometric calculations on Wasserstein space},
	Volume = {277},
	Year = {2008},
	Bdsk-Url-1 = {https://math.berkeley.edu/~lott/cmp.pdf}}

@article{perthame2014hele,
	Author = {Perthame, Beno{\^\i}t and Quir{\'o}s, Fernando and V{\'a}zquez, Juan Luis},
	Date-Added = {2015-02-03 17:12:35 +0000},
	Date-Modified = {2015-02-03 17:17:03 +0000},
	Journal = {Archive for Rational Mechanics and Analysis},
	Keywords = {pde; biomed;},
	Number = {1},
	Pages = {93--127},
	Publisher = {Springer},
	Title = {The Hele--Shaw Asymptotics for Mechanical Models of Tumor Growth},
	Volume = {212},
	Year = {2014},
	Bdsk-Url-1 = {http://hal.upmc.fr/file/index/docid/831932/filename/Hele_Shaw.pdf}}

@book{khesin2008geometry,
	Author = {Khesin, Boris and Wendt, Robert},
	Date-Added = {2015-02-03 17:10:02 +0000},
	Date-Modified = {2015-02-03 17:22:23 +0000},
	Keywords = {diffeo; manifolds},
	Publisher = {Springer Science \&amp; Business Media},
	Read = {0},
	Title = {The geometry of infinite-dimensional groups},
	Volume = {51},
	Year = {2008},
	Bdsk-Url-1 = {http://arxiv.org/pdf/1206.3219.pdf}}

@article {Bauer:2014aa,
    AUTHOR = {Bauer, Martin and Bruveris, Martins and Michor, Peter W.},
     TITLE = {Uniqueness of the {F}isher--{R}ao metric on the space of
              smooth densities},
   JOURNAL = {Bull. Lond. Math. Soc.},
  FJOURNAL = {Bulletin of the London Mathematical Society},
    VOLUME = {48},
      YEAR = {2016},
    NUMBER = {3},
     PAGES = {499--506},
      ISSN = {0024-6093},
   MRCLASS = {Preliminary Data},
  MRNUMBER = {3509909},
       DOI = {10.1112/blms/bdw020},
       URL = {http://dx.doi.org/10.1112/blms/bdw020},
}

@incollection{cuturiTO2014,
	Author = {Cuturi, Marco},
	Booktitle = {Advances in Neural Information Processing Systems 26},
	Date-Added = {2015-02-03 16:53:43 +0000},
	Date-Modified = {2015-02-03 17:17:36 +0000},
	Editor = {C.J.C. Burges and L. Bottou and M. Welling and Z. Ghahramani and K.Q. Weinberger},
	Keywords = {optimal transport;},
	Pages = {2292--2300},
	Publisher = {Curran Associates, Inc.},
	Title = {Sinkhorn Distances: Lightspeed Computation of Optimal Transport},
	Url = {http://papers.nips.cc/paper/4927-sinkhorn-distances-lightspeed-computation-of-optimal-transport.pdf},
	Year = {2013},
	Bdsk-Url-1 = {http://papers.nips.cc/paper/4927-sinkhorn-distances-lightspeed-computation-of-optimal-transport.pdf}}

@article{dolbeault2009new,
	Author = {Dolbeault, J. and Nazaret, B. and Savar{\'e}, G.},
	Date-Added = {2014-12-01 13:22:05 +0000},
	Date-Modified = {2015-06-21 09:51:49 +0000},
	Journal = {Calculus of Variations and Partial Differential Equations},
	Keywords = {optimal transport; measures},
	Number = {2},
	Pages = {193--231},
	Publisher = {Springer},
	Rating = {5},
	Read = {1},
	Title = {A new class of transport distances between measures},
	Volume = {34},
	Year = {2009},
	Bdsk-File-1 = {YnBsaXN0MDDUAQIDBAUGJCVYJHZlcnNpb25YJG9iamVjdHNZJGFyY2hpdmVyVCR0b3ASAAGGoKgHCBMUFRYaIVUkbnVsbNMJCgsMDxJXTlMua2V5c1pOUy5vYmplY3RzViRjbGFzc6INDoACgAOiEBGABIAFgAdccmVsYXRpdmVQYXRoWWFsaWFzRGF0YV8QLC4uLy4uLy5UcmFzaC9uZXdjbGFzc3RyYW5zcG9ydF9kb2xiZWF1bHQucGRm0hcLGBlXTlMuZGF0YU8RAboAAAAAAboAAgAADE1hY2ludG9zaCBIRAAAAAAAAAAAAAAAAAAAAM/UMiBIKwAAABFoDB9uZXdjbGFzc3RyYW5zcG9ydF9kb2xiZWF1bHQucGRmAAAAAAAAAAAAAAAAAAAAAAAAAAAAAAAAAAAAAAAAAAAAGjDx0LdKpQAAAAAAAAAAAAIAAgAACSAAAAAAAAAAAAAAAAAAAAAGLlRyYXNoABAACAAAz9QWAAAAABEACAAA0Lc8lQAAAAEADAARaAwAEVayAAJm+QACAENNYWNpbnRvc2ggSEQ6VXNlcnM6AGNoaXphdDoALlRyYXNoOgBuZXdjbGFzc3RyYW5zcG9ydF9kb2xiZWF1bHQucGRmAAAOAEAAHwBuAGUAdwBjAGwAYQBzAHMAdAByAGEAbgBzAHAAbwByAHQAXwBkAG8AbABiAGUAYQB1AGwAdAAuAHAAZABmAA8AGgAMAE0AYQBjAGkAbgB0AG8AcwBoACAASABEABIAM1VzZXJzL2NoaXphdC8uVHJhc2gvbmV3Y2xhc3N0cmFuc3BvcnRfZG9sYmVhdWx0LnBkZgAAEwABLwAAFQACAA3//wAAgAbSGxwdHlokY2xhc3NuYW1lWCRjbGFzc2VzXU5TTXV0YWJsZURhdGGjHR8gVk5TRGF0YVhOU09iamVjdNIbHCIjXE5TRGljdGlvbmFyeaIiIF8QD05TS2V5ZWRBcmNoaXZlctEmJ1Ryb290gAEACAARABoAIwAtADIANwBAAEYATQBVAGAAZwBqAGwAbgBxAHMAdQB3AIQAjgC9AMIAygKIAooCjwKaAqMCsQK1ArwCxQLKAtcC2gLsAu8C9AAAAAAAAAIBAAAAAAAAACgAAAAAAAAAAAAAAAAAAAL2},
	Bdsk-Url-1 = {http://arxiv.org/pdf/0803.1235.pdf}}

@article{lombardi2013eulerian,
	Author = {Lombardi, D. and Maitre, E.},
	Date-Added = {2014-12-01 13:19:40 +0000},
	Date-Modified = {2015-06-21 09:53:55 +0000},
	Journal = {ESAIM: M2AN},
	Volume = {49},
	Number = {6},
	Pages = {1717 - 1744},
	Keywords = {optimal transport},
	Rating = {0},
	Read = {1},
	Title = {Eulerian models and algorithms for unbalanced optimal transport},
	Year = {2015},
	Bdsk-Url-1 = {https://hal.archives-ouvertes.fr/hal-00976501v3/document}}

@unpublished{piccoli2013properties,
	Author = {Piccoli, B. and Rossi, F.},
	Date-Added = {2014-12-01 13:17:58 +0000},
	Date-Modified = {2015-06-21 09:55:00 +0000},
	Keywords = {optimal transport},
	Note = {arXiv:1304.7014},
	Rating = {0},
	Read = {1},
	Title = {On properties of the {G}eneralized {W}asserstein distance},
	Year = {2013},
	Bdsk-Url-1 = {http://arxiv.org/pdf/1304.7014.pdf}}

@article{piccoli2014generalized,
	Author = {Piccoli, B. and Rossi, F.},
	Date-Added = {2014-12-01 13:17:10 +0000},
	Date-Modified = {2015-06-21 09:54:49 +0000},
	Journal = {Archive for Rational Mechanics and Analysis},
	Keywords = {optimal transport},
	Number = {1},
	Pages = {335--358},
	Publisher = {Springer},
	Rating = {0},
	Read = {1},
	Title = {Generalized {W}asserstein distance and its application to transport equations with source},
	Volume = {211},
	Year = {2014},
	Bdsk-Url-1 = {http://arxiv.org/pdf/1206.3219.pdf}}
	
	@article{rockafellar1967duality,
  title={Duality and stability in extremum problems involving convex functions},
  author={Rockafellar, Ralph},
  journal={Pacific Journal of Mathematics},
  volume={21},
  number={1},
  pages={167--187},
  year={1967},
  publisher={Mathematical Sciences Publishers}
}
