%% This BibTeX bibliography file was created using BibDesk.
%% http://bibdesk.sourceforge.net/


%% Created for Lénaïc CHIZAT at 2015-11-17 16:36:01 +0100 


%% Saved with string encoding Unicode (UTF-8) 



@book{rubinov2013abstract,
	Author = {Rubinov, A.M.},
	Date-Added = {2015-11-17 15:35:53 +0000},
	Date-Modified = {2015-11-17 15:35:53 +0000},
	Publisher = {Springer Science \& Business Media},
	Title = {Abstract convexity and global optimization},
	Volume = {44},
	Year = {2013}}

@article{Omori1978,
	Author = {Omori, H.},
	Journal = {T\^ohoku Math. J.},
	Number = 2,
	Pages = {223--250},
	Title = {On {B}anach-{L}ie groups acting on finite dimensional manifolds},
	Volume = 30,
	Year = 1978}

@book{ODE,
	Author = {O'Regan, D.},
	Publisher = {Springer},
	Title = {Existence Theory for Nonlinear Ordinary Differential Equations},
	Year = 1997}

@book{Lang1999,
	Address = {New York},
	Author = {Lang, S.},
	Isbn = {0-387-98593-X},
	Mrclass = {53-01 (58-01)},
	Mrnumber = {1666820 (99m:53001)},
	Mrreviewer = {Man Chun Leung},
	Pages = {xviii+535},
	Publisher = {Springer-Verlag},
	Series = {Graduate Texts in Mathematics},
	Title = {Fundamentals of differential geometry},
	Volume = 191,
	Year = 1999,
}

@book{UserGuideOT,
	Author = {L. Ambrosio and N. Gigli},
	Date-Added = {2015-09-16 13:46:34 +0000},
	Date-Modified = {2015-09-16 13:50:54 +0000},
	Publisher = {Springer Berlin Heidelberg},
	Series = {Lecture Notes in Mathematics},
	Title = {A user's guide to optimal transport},
	Year = {2013}}

@incollection{DelanoeGeometryOT,
	Author = {Delano\"e, P.},
	Booktitle = {Differential Equations - Geometry, Symmetries and Integrability},
	Date-Modified = {2015-09-16 13:28:12 +0000},
	Editor = {Kruglikov, Boris and Lychagin, Valentin and Straume, Eldar},
	Isbn = {978-3-642-00872-6},
	Language = {English},
	Pages = {49-73},
	Publisher = {Springer Berlin Heidelberg},
	Series = {Abel Symposia},
	Title = {Differential Geometric Heuristics for Riemannian Optimal Mass Transportation},
	Volume = {5},
	Year = {2009},
	Bdsk-Url-1 = {http://dx.doi.org/10.1007/978-3-642-00873-3_3}}

@article{freed1989,
	Author = {Freed, D. S. and Groisser, D.},
	Fjournal = {The Michigan Mathematical Journal},
	Journal = {Michigan Math. J.},
	Number = {3},
	Pages = {323--344},
	Publisher = {University of Michigan, Department of Mathematics},
	Title = {The basic geometry of the manifold of Riemannian metrics and of its quotient by the diffeomorphism group.},
	Volume = {36},
	Year = {1989},
	Bdsk-Url-1 = {http://dx.doi.org/10.1307/mmj/1029004004}}

@article{MetricGeometryBurago,
	Author = {D. Burago and Y. Burago and S. Ivanov},
	Date-Added = {2015-09-11 12:21:13 +0000},
	Date-Modified = {2015-09-11 12:25:55 +0000},
	Journal = {American Mathematical Soc.},
	Title = {A Course in Metric Geometry},
	Year = {2001}}

@article{MisiolekCurvature,
	Author = {G. Misiolek},
	Date-Added = {2015-09-11 12:03:22 +0000},
	Date-Modified = {2015-09-11 12:06:30 +0000},
	Journal = {Indiana Univ. Math. J.},
	Number = {1},
	Pages = {215 - 237},
	Title = {Stability of flows of ideal fluids and the geometry of the group of diffeomorphisms},
	Volume = {42},
	Year = {1993}}

@article{Gallot1979,
	Author = {Gallot, S.},
	Date-Added = {2015-09-11 10:25:47 +0000},
	Date-Modified = {2015-09-11 10:25:47 +0000},
	Journal = {Annales scientifiques de l'Ecole Normale Superieure},
	Keywords = {equations of eigenfunctions; eigenforms; spectrum of Laplace operator on Riemannian manifolds; characterization of sphere},
	Language = {fre},
	Number = {2},
	Pages = {235-267},
	Publisher = {Soci{\'e}t{\'e} math{\'e}matique de France},
	Title = {{\'E}quations diff{\'e}rentielles caract{\'e}ristiques de la sph{\`e}re},
	Volume = {12},
	Year = {1979},
	Bdsk-Url-1 = {http://eudml.org/doc/82035}}

@article{SobolevMetricsCurvature,
	Abstract = {Given a finite-dimensional manifold ##IMG## [http://ej.iop.org/images/1064-5632/77/3/541/tex_im_2648_img1.gif] {$ N$} , the group ##IMG## [http://ej.iop.org/images/1064-5632/77/3/541/tex_im_2648_img2.gif] {$ \operatorname{Diff}_{\mathcal S}(N)$} of diffeomorphisms diffeomorphismof ##IMG## [http://ej.iop.org/images/1064-5632/77/3/541/tex_im_2648_img1.gif] {$ N$} which decrease suitably rapidly to the identity, acts on the manifold ##IMG## [http://ej.iop.org/images/1064-5632/77/3/541/tex_im_2648_img3.gif] {$ B(M,N)$} of submanifoldsof  ##IMG## [http://ej.iop.org/images/1064-5632/77/3/541/tex_im_2648_img1.gif] {$ N$} of diffeomorphism-type ##IMG## [http://ej.iop.org/images/1064-5632/77/3/541/tex_im_2648_img4.gif] {$ M$} , where ##IMG## [http://ej.iop.org/images/1064-5632/77/3/541/tex_im_2648_img4.gif] {$ M$} is a compact manifold with ##IMG## [http://ej.iop.org/images/1064-5632/77/3/541/tex_im_2648_img5.gif] {$ \operatorname{dim} M<\operatorname{dim} N$} . Given the right-invariant weak Riemannian metric on ##IMG## [http://ej.iop.org/images/1064-5632/77/3/541/tex_im_2648_img2.gif] {$ \operatorname{Diff}_{\mathcal S}(N)$} induced by a quite general operator ##IMG## [http://ej.iop.org/images/1064-5632/77/3/541/tex_im_2648_img6.gif] {$ L\colon \mathfrak{X}_{\mathcal S}(N)\to \Gamma(T^*N\otimes\operatorname{vol}(N))$} , we consider the induced weak Riemannian metric on ##IMG## [http://ej.iop.org/images/1064-5632/77/3/541/tex_im_2648_img3.gif] {$ B(M,N)$} and compute its geodesics and sectional curvature. To do this, we derive a covariant formula for the curvature in finite and infinite dimensions, we show how it makes O'Neill's formula very transparent, and we finally use it to compute the sectional curvatureon ##IMG## [http://ej.iop.org/images/1064-5632/77/3/541/tex_im_2648_img3.gif] {$ B(M,N)$} .},
	Author = {M. Micheli and P. W. Michor and D. Mumford},
	Date-Added = {2015-08-13 11:54:04 +0000},
	Date-Modified = {2015-08-13 11:54:55 +0000},
	Journal = {Izvestiya: Mathematics},
	Number = {3},
	Pages = {541},
	Title = {Sobolev metrics on diffeomorphism groups and the derived geometry of spaces of submanifolds},
	Volume = {77},
	Year = {2013},
	Bdsk-Url-1 = {http://stacks.iop.org/1064-5632/77/i=3/a=541}}

@article{OttoPorousMedium,
	Author = {F. Otto},
	Date-Added = {2015-08-13 07:36:52 +0000},
	Date-Modified = {2015-08-13 07:37:15 +0000},
	Eprint = {http://dx.doi.org/10.1081/PDE-100002243},
	Journal = {Communications in Partial Differential Equations},
	Number = {1-2},
	Pages = {101-174},
	Title = {THE GEOMETRY OF DISSIPATIVE EVOLUTION EQUATIONS: THE POROUS MEDIUM EQUATION},
	Volume = {26},
	Year = {2001},
	Bdsk-Url-1 = {http://dx.doi.org/10.1081/PDE-100002243}}

@misc{ChizatOTFR2015,
	Author = {L. Chizat and B. Schmitzer and G. Peyr\'e and F-X. Vialard},
	Howpublished = {http://arxiv.org/abs/1506.06430},
	Title = {An Interpolating Distance between Optimal Transport and {Fisher-Rao}},
	Year = {2015}}

@article{gangbo1996geometry,
	Author = {Gangbo, Wilfrid and McCann, Robert J},
	Journal = {Acta Mathematica},
	Number = {2},
	Pages = {113--161},
	Publisher = {Springer},
	Title = {The geometry of optimal transportation},
	Volume = {177},
	Year = {1996}}

@book{villani2009oldnew,
	Author = {Villani, C.},
	Publisher = {Springer},
	Series = {Grundlehren der mathematischen Wissenschaften},
	Title = {Optimal Transport: Old and New},
	Volume = {338},
	Year = {2009}}

@book{ambrosio2000functions,
	Author = {Ambrosio, L. and Fusco, N. and Pallara, D.},
	Publisher = {Clarendon Press Oxford},
	Title = {Functions of bounded variation and free discontinuity problems},
	Volume = {254},
	Year = {2000}}

@inproceedings{GramfortMICCAI,
	Author = {A. Gramfort and G. Peyr\'e and M. Cuturi},
	Booktitle = {Proc. IPMI'15},
	Title = {Fast Optimal Transport Averaging of Neuroimaging Data},
	Year = {2015}}

@article{kantorovich1958space,
	Author = {Kantorovich, L.V. and Rubinshtein, G.S.},
	Journal = {Vestn Lening. Univ.},
	Pages = {52--59},
	Title = {On a space of totally additive functions},
	Volume = {13},
	Year = {1958}}

@inproceedings{rubner1997earth,
	Author = {Rubner, Y. and Guibas, L.J. and Tomasi, C.},
	Booktitle = {Proceedings of the ARPA Image Understanding Workshop},
	Pages = {661--668},
	Title = {The earth mover's distance, multi-dimensional scaling, and color-based image retrieval},
	Year = {1997}}

@incollection{pele2008linear,
	Author = {Pele, O. and Werman, M.},
	Booktitle = {European Conference on Computer Vision, ECCV 2008},
	Pages = {495--508},
	Title = {A linear time histogram metric for improved sift matching},
	Year = {2008}}

@article{hanin1999extension,
	Author = {Hanin, L.G.},
	Journal = {Contemporary Mathematics},
	Pages = {113--130},
	Publisher = {AMERICAN MATHEMATICAL SOCIETY},
	Title = {An extension of the {K}antorovich norm},
	Volume = {226},
	Year = {1999}}

@article{Carlier_wasserstein_barycenter,
	Author = {M. Agueh and G. Carlier},
	Journal = {SIAM J. on Mathematical Analysis},
	Number = {2},
	Pages = {904--924},
	Title = {Barycenters in the {W}asserstein space},
	Volume = {43},
	Year = {2011}}

@book{nesterov1994interior,
	Author = {Nesterov, Y. and Nemirovskii, A. and Ye, Y.},
	Date-Added = {2014-03-31 13:57:18 +0000},
	Date-Modified = {2014-03-31 13:57:26 +0000},
	Publisher = {SIAM},
	Title = {Interior-point polynomial algorithms in convex programming},
	Volume = {13},
	Year = {1994}}

@book{Burkard09,
	Address = {Philadelphia, PA, USA},
	Author = {Burkard, R. and Dell'Amico, M. and Martello, S.},
	Isbn = {0898716632, 9780898716634},
	Publisher = {Society for Industrial and Applied Mathematics},
	Title = {Assignment Problems},
	Year = {2009}}

@book{GammaConvergenceBraides2002,
	Author = {A. Braides},
	Editor = {John Ball and Dominic Welsh},
	Publisher = {Oxford University Press},
	Title = {Gamma-Convergence for Beginners},
	Year = {2002}}
