%% This BibTeX bibliography file was created using BibDesk.
%% http://bibdesk.sourceforge.net/


%% Created for Fran√ßois-Xavier VIALARD at 2015-09-17 14:43:13 +0200 


%% Saved with string encoding Unicode (UTF-8) 


@comment{jabref-meta: selector_author:}
@comment{jabref-meta: selector_journal:}
@comment{jabref-meta: selector_keywords:}
@comment{jabref-meta: selector_publisher:}



@book{ArthurBesse2,
	Author = {Besse, A. L.},
	Catalogue-Url = {http://nla.gov.au/nla.cat-vn816207},
	Date-Added = {2015-09-17 12:43:11 +0000},
	Date-Modified = {2015-09-17 12:43:11 +0000},
	Isbn = {0387081585},
	Language = {English},
	Life-Dates = {1978 -},
	Pages = {ix, 262 p. :},
	Publisher = {Springer-Verlag Berlin ; New York},
	Subjects = {Geometry, Differential.; Manifolds (Mathematics); Topological dynamics.; Geodesics (Mathematics)},
	Title = {Manifolds all of whose geodesics are closed},
	Type = {Book},
	Year = {1978}}

@book{MR2062547,
	Address = {Berlin},
	Author = {Agrachev, Andrei A. and Sachkov, Yuri L.},
	Isbn = {3-540-21019-9},
	Mrclass = {93-02 (49-02 49K15 93B27 93C15)},
	Mrnumber = {MR2062547 (2005b:93002)},
	Mrreviewer = {Kevin A. Grasse},
	Note = {, Control Theory and Optimization, II},
	Owner = {fvialard},
	Pages = {xiv+412},
	Publisher = {Springer-Verlag},
	Series = {Encyclopaedia of Mathematical Sciences},
	Timestamp = {2009.08.10},
	Title = {Control theory from the geometric viewpoint},
	Volume = {87},
	Year = {2004}}

@inproceedings{bb37524,
	Author = {Allassonniere, S. and Trouv{\`E}, A. and Younes, L.},
	Bibsource = {http://www.visionbib.com/bibliography/match-pl493.html#TT35617},
	Booktitle = {EMMCVPR05},
	Owner = {fvialard},
	Pages = {365-381},
	Timestamp = {2009.08.10},
	Title = {Geodesic Shooting and Diffeomorphic Matching Via Textured Meshes},
	Year = {2005}}

@article{ShootingVialard,
	Author = {Vialard, Fran\c{c}ois-Xavier and Risser, Laurent and Rueckert, Daniel and Cotter, ColinJ.},
	Doi = {10.1007/s11263-011-0481-8},
	Issn = {0920-5691},
	Journal = {International Journal of Computer Vision},
	Keywords = {Geodesic shooting; Computational anatomy; Adjoint equations; Hamiltonian equations; Large deformations via diffeomorphisms},
	Language = {English},
	Number = {2},
	Pages = {229-241},
	Publisher = {Springer US},
	Title = {Diffeomorphic 3D Image Registration via Geodesic Shooting Using an Efficient Adjoint Calculation},
	Url = {http://dx.doi.org/10.1007/s11263-011-0481-8},
	Volume = {97},
	Year = {2012},
	Bdsk-Url-1 = {http://dx.doi.org/10.1007/s11263-011-0481-8}}

@article{RKHS_arons,
	Author = {Aronszajn},
	Journal = {Transaction of the American Mathematical Society},
	Owner = {Vialard},
	Pages = {337-404},
	Timestamp = {2009.01.19},
	Title = {Theory of Reproducing Kernels},
	Volume = {68},
	Year = {1950}}

@article{AvantsCC,
	Author = {Brian Avants},
	Journal = {IEE},
	Owner = {fvialard},
	Timestamp = {2009.10.19},
	Title = {Symmetric Diffeomorphic and Cross Correlation},
	Year = {2008}}

@article{BegIJCV,
	Author = {Beg, M. Faisal and Miller, Michael I. and Trouv{\`E}, Alain and Younes, Laurent},
	Journal = {International Journal of Computer Vision},
	Owner = {fvialard},
	Pages = {139-157},
	Timestamp = {2009.10.19},
	Title = {Computing large deformation metric mappings via geodesic flow of diffeomorphisms},
	Volume = {61},
	Year = {2005}}

@article{splinesCk,
	Author = {M. Camarinha and F. Silva Leite and P.Crouch},
	Journal = {IMA Journal of Mathematical Control \& Information},
	Owner = {fvialard},
	Pages = {399-410},
	Timestamp = {2009.08.10},
	Title = {Splines of class $\mathcal{C}^k$ on non-euclidean spaces},
	Volume = {12},
	Year = {1995}}

@article{reparam,
	Author = {C. J. Cotter and D. D. Holm},
	Journal = {arXiv:0911.2205},
	Owner = {fvialard},
	Timestamp = {2009.12.15},
	Title = {Geodesic boundary value problems with symmetry},
	Year = {2009}}

@article{Crouch,
	Author = {P. Crouch and F. Silva Leite},
	Journal = {Journal of dynamical \& Control Systems},
	Owner = {fvialard},
	Pages = {177-202},
	Timestamp = {2009.08.10},
	Title = {The Dynamic Interpolation Problem: On {R}iemannian manifold, {L}ie Groups and Symmetric spaces.},
	Volume = {1},
	Year = {1995}}

@inproceedings{4408977,
	Author = {Davis, B.C. and Fletcher, P.T. and Bullitt, E. and Joshi, S.},
	Booktitle = {Computer Vision, 2007. ICCV 2007. IEEE 11th International Conference on},
	Doi = {10.1109/ICCV.2007.4408977},
	Issn = {1550-5499},
	Keywords = {biomedical MRI, brain, data analysis, medical image processing, regression analysisEuclidean space, Frechet expectation, Nadaraya-Watson kernel regression, brain anatomical shape change analysis, diffeomorphic transformation, manifold-valued data analysis, population shape regression analysis, random design MR image data},
	Month = {Oct.},
	Pages = {1-7},
	Title = {Population Shape Regression From Random Design Data},
	Year = {2007},
	Bdsk-Url-1 = {http://dx.doi.org/10.1109/ICCV.2007.4408977}}

@book{drydenbook,
	Author = {I. L. Dryden and K. V. Mardia},
	Owner = {Vialard},
	Timestamp = {2009.01.26},
	Title = {Statistical Shape Analysis},
	Year = {1998}}

@inproceedings{durlemann,
	Author = {Durrleman, Stanley and Pennec, Xavier and Gerig, Guido and Trouv{\`E}, Alain and Ayache, Nicholas},
	Booktitle = {Medical Image Computing and Computer Assisted Intervention},
	Month = {September},
	Title = {Spatiotemporal Atlas Estimation for Developmental Delay Detection in Longitudinal Datasets},
	Year = {2009}}

@article{IHOVP_CMP,
	Author = {Gay-Balmaz, F. and Holm, D. D. and Meier, D. M. and Ratiu, T. S. and Vialard, F. X.},
	Journal = {To appear in Communications in Mathematical Physics},
	Owner = {fvialard},
	Timestamp = {2011.03.09},
	Title = {Invariant higher-order variational problems},
	Year = {2011}}

@article{splinesanalyse,
	Author = {Roberto Giambo and Fabio Giannoni},
	Journal = {IMA Journal of Mathematical Control \& Information},
	Owner = {fvialard},
	Pages = {445-460},
	Timestamp = {2009.08.10},
	Title = {An analytical theory for Riemannian cubic polynomials},
	Volume = {19},
	Year = {2002}}

@incollection{hamcurves,
	Author = {Glaun{\"E}s, J. and Trouv{\`E}, A. and Younes, L.},
	Booktitle = {Statistics and Analysis of Shapes},
	Editor = {Krim, H. and Yezzi, A.},
	Owner = {fvialard},
	Publisher = {Springer Verlag},
	Timestamp = {2009.08.10},
	Title = {Modelling Planar Shape Variation via Hamiltonian Flows of Curves},
	Year = {2006}}

@article{DBLP:journals/tmi/GrenanderSS07,
	Author = {Ulf Grenander and Anuj Srivastava and Sanjay Saini},
	Bibsource = {DBLP, http://dblp.uni-trier.de},
	Ee = {http://doi.ieeecomputersociety.org/10.1109/TMI.2006.891500},
	Journal = {IEEE Trans. Med. Imaging},
	Number = {5},
	Pages = {648-659},
	Title = {A Pattern-Theoretic Characterization of Biological Growth},
	Volume = {26},
	Year = {2007}}

@conference{DBLP:conf/isbi/GrenanderSS06,
	Author = {Ulf Grenander and Anuj Srivastava and Sanjay Saini},
	Bibsource = {DBLP, http://dblp.uni-trier.de},
	Booktitle = {ISBI},
	Ee = {http://dx.doi.org/10.1109/ISBI.2006.1625123},
	Pages = {1136-1139},
	Title = {Characterization of biological growth using iterated diffeomorphisms},
	Year = {2006}}

@article{Holladay,
	Author = {J. C. Holladay},
	Journal = {Math. Tables Aids Comput.},
	Owner = {fvialard},
	Pages = {233-243},
	Timestamp = {2009.08.10},
	Title = {A smoothest curve approximation},
	Volume = {11},
	Year = {1957}}

@article{shooting,
	Author = {Raymond Holsapple and Ram Venkataraman and David Doman},
	Journal = {Journal of guidance, control, and dynamics},
	Owner = {fvialard},
	Pages = {301-304},
	Timestamp = {2009.08.10},
	Title = {A New, Fast Numerical Method for Solving Two-Point Boundary Value Problems},
	Volume = {27},
	Year = {2004}}

@article{parallel,
	Author = {Iyer, R. V. and Holsapple, R. and Doman, D.},
	Journal = {ESAIM. COCV},
	Owner = {fvialard},
	Pages = {1-11},
	Timestamp = {2009.08.10},
	Title = {Optimal Control Problems on Parallelizable {R}iemannian Manifolds: Theory and Applications},
	Volume = {12},
	Year = {2006}}

@article{landmark_matching,
	Author = {Joshi,S.C. and Miller, M.I.},
	Journal = {International Journal of Computer Vision},
	Owner = {fvialard},
	Timestamp = {2009.08.10},
	Title = {Landmark matching via large deformation diffeomorphisms},
	Year = {2000}}

@article{kendalldiffusion,
	Author = {D. G. Kendall},
	Journal = {Advances in Applied Probability},
	Owner = {Vialard},
	Pages = {pp. 428-430},
	Timestamp = {2009.01.26},
	Title = {The diffusion of shape},
	Volume = {vol 9},
	Year = {1977}}

@inproceedings{4541298,
	Author = {Khan, A.R. and Beg, M.F.},
	Booktitle = {Biomedical Imaging: From Nano to Macro, 2008. ISBI 2008. 5th IEEE International Symposium on},
	Doi = {10.1109/ISBI.2008.4541298},
	Keywords = {image sequences, linearisation techniques, medical computing, shape measurement, time seriescomputational anatomy, diffeomorphic flow, image sequences, interpolation, large deformation diffeomorphic framework, linear space representation, linear techniques, longitudinal growth model, space-time flow, time-point spacing, time-varying shape representation},
	Month = {May},
	Pages = {1521-1524},
	Title = {Representation of time-varying shapes in the large deformation diffeomorphic framework},
	Year = {2008},
	Bdsk-Url-1 = {http://dx.doi.org/10.1109/ISBI.2008.4541298}}

@book{kunita,
	Author = {Kunita, H.},
	Owner = {Vialard},
	Publisher = {Cambridge Studies in Advanced Mathematics},
	Timestamp = {2008.10.10},
	Title = {Stochastic flows and Stochastic Differential Equations},
	Year = {1997}}

@book{Marsden1999,
	Author = {Marsden, J.E. and Ratiu, T.S. and Maisser},
	Owner = {trouve},
	Publisher = {Springer},
	Timestamp = {2010.01.31},
	Title = {Introduction to mechanics and symmetry},
	Year = {1999}}

@article{michor-2007-23,
	Author = {Peter W. Michor and David Mumford},
	Journal = {Applied and Computational Harmonic Analysis},
	Owner = {fvialard},
	Pages = {74},
	Timestamp = {2009.08.10},
	Title = {An overview of the Riemannian metrics on spaces of curves using the Hamiltonian approach},
	Url = {http://www.citebase.org/abstract?id=oai:arXiv.org:math/0605009},
	Volume = {23},
	Year = {2007},
	Bdsk-Url-1 = {http://www.citebase.org/abstract?id=oai:arXiv.org:math/0605009}}

@article{VarSplines,
	Author = {Gheorghe Micula},
	Journal = {General Mathematics},
	Owner = {fvialard},
	Pages = {21-51},
	Timestamp = {2009.08.10},
	Title = {A variational approach to spline functions theory},
	Volume = {10},
	Year = {2002}}

@article{1122513,
	Address = {Norwell, MA, USA},
	Author = {Michael I. Miller and Alain Trouv\'{e} and Laurent Younes},
	Doi = {http://dx.doi.org/10.1007/s10851-005-3624-0},
	Issn = {0924-9907},
	Journal = {J. Math. Imaging Vis.},
	Number = {2},
	Owner = {fvialard},
	Pages = {209--228},
	Publisher = {Kluwer Academic Publishers},
	Timestamp = {2009.08.10},
	Title = {Geodesic Shooting for Computational Anatomy},
	Volume = {24},
	Year = {2006},
	Bdsk-Url-1 = {http://dx.doi.org/10.1007/s10851-005-3624-0}}

@article{Noakes1,
	Author = {Noakes, L. and Heinzinger, G. and Paden, B.},
	Journal = {IMA Journal of Mathematical Control \& Information},
	Owner = {fvialard},
	Pages = {465-473},
	Timestamp = {2009.08.10},
	Title = {Cubic Splines on Curved spaces},
	Volume = {6},
	Year = {1989}}

@conference{DBLP:conf/iciar/PortmanGV09,
	Author = {Portman, Nataliya and Grenander, Ulf and Vrscay, Edward R.},
	Bibsource = {DBLP, http://dblp.uni-trier.de},
	Booktitle = {ICIAR},
	Ee = {http://dx.doi.org/10.1007/978-3-642-02611-9_82},
	Pages = {832-843},
	Title = {Direct Estimation of Biological Growth Properties from Image Data Using the "GRID" Model},
	Year = {2009}}

@article{DBLP:conf/emmcvpr/SrivastavaSDG05,
	Author = {Anuj Srivastava and Sanjay Saini and Zhaohua Ding and Ulf Grenander},
	Bibsource = {DBLP, http://dblp.uni-trier.de},
	Booktitle = {EMMCVPR},
	Ee = {http://dx.doi.org/10.1007/11585978_8},
	Pages = {107-118},
	Title = {Maximum-Likelihood Estimation of Biological Growth Variables},
	Year = {2005}}

@electronic{ShapeSplines,
	Author = {Trouv\'e, A. and Vialard, F. X.},
	Howpublished = {To appear in QAM, http://arxiv.org/abs/1003.3895v1},
	Owner = {fvialard},
	Timestamp = {2010.03.20},
	Title = {Shape Splines and Stochastic Shape Evolutions: A Second Order Point of View},
	Year = {2010}}

@article{0855.57035,
	Author = {Trouv{\`E}, Alain},
	Owner = {fvialard},
	Timestamp = {2009.08.10},
	Title = {Action de groupe de dimension infinie et reconnaissance de formes. (Infinite dimensional group action and pattern recognition).},
	Year = {1995}}

@article{trouve05:_local_geomet_defor_templ,
	Author = {Trouv\'e, Alain and Younes, Laurent},
	Journal = {Siam Journal of Mathematical Analysis},
	Owner = {fvialard},
	Timestamp = {2009.10.19},
	Title = {Local Geometry of Deformable Templates},
	Year = {2005}}

@article{BruverisVialard,
	Author = {Bruveris, M. and Vialard, F-X.},
	Journal = {Preprint},
	Owner = {fvialard},
	Timestamp = {2009.10.19},
	Title = {On groups of diffeomorphisms},
	Year = {2013}}

@phdthesis{VialardThesis,
	Author = {Francois-Xavier Vialard},
	Owner = {fvialard},
	School = {ENS Cachan},
	Timestamp = {2009.08.10},
	Title = {Hamiltonian Approach to Shape Spaces in a Diffeomorphic Framework : From the Discontinuous Image Matching Problem to a Stochastic Growth Model},
	Year = {2009}}

@article{Vialard200927,
	Author = {Fran{\'A}ois-Xavier Vialard and Filippo Santambrogio},
	Doi = {DOI: 10.1016/j.crma.2008.11.019},
	Issn = {1631-073X},
	Journal = {Comptes Rendus Mathematique},
	Number = {1-2},
	Owner = {fvialard},
	Pages = {27 - 32},
	Timestamp = {2009.08.10},
	Title = {Extension to BV functions of the large deformation diffeomorphisms matching approach},
	Url = {http://www.sciencedirect.com/science/article/B6X1B-4V5NT0X-4/2/23af47ccaae2c3733f7624aa6f3c1fde},
	Volume = {347},
	Year = {2009},
	Bdsk-Url-1 = {http://www.sciencedirect.com/science/article/B6X1B-4V5NT0X-4/2/23af47ccaae2c3733f7624aa6f3c1fde},
	Bdsk-Url-2 = {http://dx.doi.org/10.1016/j.crma.2008.11.019}}

@book{laurentbook,
	Author = {Laurent Younes},
	Owner = {Vialard},
	Publisher = {Springer},
	Timestamp = {2009.01.05},
	Title = {Shapes and Diffeomorphisms},
	Year = {2010}}

@article{Younes2009S40,
	Author = {Laurent Younes and Felipe Arrate and Michael I. Miller},
	Doi = {DOI: 10.1016/j.neuroimage.2008.10.050},
	Issn = {1053-8119},
	Journal = {NeuroImage},
	Note = {Mathematics in Brain Imaging},
	Number = {1, Supplement 1},
	Pages = {S40 - S50},
	Title = {Evolutions equations in computational anatomy},
	Volume = {45},
	Year = {2009},
	Bdsk-Url-1 = {http://dx.doi.org/10.1016/j.neuroimage.2008.10.050}}
